1931 3202
588 125 1073 170 ASTRONOMICON
1114 125 1163 167 II
1595 127 1650 166 35

281 253 479 295 quaeque
500 239 594 279 loca
614 238 660 279 in
682 237 846 293 triplici
867 237 1056 292 signarit
1076 236 1193 277 linea
1213 236 1351 277 ductu

280 327 380 355 cum
400 313 577 354 sinuata
596 313 695 353 uiae
717 312 888 367 linquet
909 310 1138 366 dispendia
1159 313 1288 357 recta,

157 397 223 429 340
280 387 350 428 his
371 391 532 429 natura
552 386 675 428 dedit
695 385 916 427 communi
939 384 1117 427 foedera
1138 384 1232 440 lege

280 461 413 516 inque
433 461 573 502 uicem
594 459 797 501 adfectus
818 462 862 500 et
884 463 1039 500 mutua
1059 459 1157 499 iura
1178 457 1355 499 fauoris.

282 535 483 590 quocirca
504 549 592 576 non
614 534 756 575 01111115
777 533 911 575 habet
932 533 1139 588 genitura
1160 532 1348 587 trigonis

283 610 526 663 [consumet
547 608 706 649 ductus
727 608 829 649 licet
851 622 954 663 ergo
977 607 1103 662 signa
1129 607 1306 662 trigona

282 683 488 725 dicantur
508 682 649 739 partis
671 697 759 724 non
779 684 961 723 seruant
983 682 1059 722 illa
1080 681 1286 737 trigonis]

159 767 222 799 345
282 771 539 799 consensum
560 756 710 812 signis,
731 771 820 804 nec,
842 770 940 797 cum
962 758 1067 797 sunt
1088 755 1203 796 forte
1226 754 1454 810 quadrata,

283 832 493 873 continua
513 831 631 873 inter
652 845 696 872 se
718 836 899 872 seruant
920 829 1177 871 commercia
1199 843 1356 870 rerum.

282 905 421 947 distat
442 905 569 954 enim,
590 905 731 961 partis
751 908 981 946 consumat
1003 904 1119 945 linea
1141 904 1280 944 iustas

283 979 558 1021 detractetne
580 980 756 1020 modum
779 979 965 1028 numeri,
987 993 1115 1033 quem
1136 978 1325 1019 circulus
1346 976 1497 1024 ambit,

284 1069 401 1096 nunc
420 1054 503 1095 tris
524 1053 724 1102 efficiens,
747 1068 863 1095 nunc
885 1055 1096 1107 quattuor
1116 1052 1310 1107 undique
1332 1051 1502 1099 ductus,

109 1192 207 1224 notio
301 1191 362 1222 338
390 1194 543 1229 signarit
564 1190 637 1229 (ΗΡ,
665 1193 825 1228 signaret
848 1193 915 1221 LM,
966 1189 1008 1220 de
1026 1190 1141 1230 sanet,
1158 1189 1305 1230 signarit
1327 1189 1408 1220 uide
1431 1189 1475 1220 ad
1497 1189 1560 1221 328

154 1243 218 1274 339
233 1245 377 1274 sinuata
393 1242 598 1284 Pingraeus,
613 1245 756 1279 signata
772 1241 855 1273 libri
943 1244 1043 1272 recta
1058 1244 1118 1279 GL,
1134 1245 1231 1272 tecta
1246 1244 1280 1272 M
1369 1241 1446 1272 uiae
1463 1240 1656 1281 dispendia,

111 1295 176 1326 hoc
199 1298 254 1326 est
277 1295 405 1326 itinera
428 1294 597 1336 longiora,
624 1293 780 1335 appellat
804 1296 875 1324 tres
900 1293 1023 1324 circuli
1046 1303 1159 1331 arcus,
1186 1303 1273 1334 quos
1301 1292 1469 1334 relinquit
1496 1292 1659 1333 uitatque

111 1350 208 1378 recta
231 1346 364 1388 trigoni
390 1346 484 1377 linea
509 1345 729 1377 breuioribus
755 1345 881 1386 spatiis
907 1344 950 1375 ab
977 1344 1105 1385 angulo
1127 1344 1172 1375 ad
1200 1343 1366 1385 angulum
1394 1354 1548 1376 currens.
1597 1343 1660 1374 hos

111 1401 230 1430 autem
253 1408 354 1429 arcus
376 1398 469 1429 linea
493 1408 562 1428 non
585 1397 714 1438 signat,
734 1396 795 1427 sed
820 1396 889 1427 tria
914 1400 1052 1427 tantum
1078 1395 1201 1427 circuli
1224 1400 1379 1437 puncta3
1407 1405 1530 1436 neque,
1550 1395 1579 1426 si
1603 1395 1659 1426 uel

111 1450 262 1481 maxime
284 1449 452 1490 signaret,
472 1448 543 1479 ulla
565 1459 643 1480 cum
660 1449 697 1479 ui
714 1452 776 1479 aut
793 1448 946 1489 pondere
969 1447 1017 1478 sic
1040 1447 1132 1478 idem
1154 1446 1300 1478 uerbum
1324 1450 1554 1487 repeteretur,
1574 1456 1660 1487 quae

110 1501 184 1533 loca
200 1500 347 1542 siynarit
363 1510 439 1532 cum
455 1500 592 1541 sigynata
608 1499 735 1540 linquet
752 1498 946 1539 dispendia.
997 1499 1138 1530 sinuata
1155 1509 1194 1529 ea
1212 1498 1397 1539 dispendia
1413 1502 1497 1529 sunt
1513 1508 1661 1529 con-nexo

112 1563 251 1591 recessu,
279 1555 321 1583 ut
347 1552 437 1583 dicit
464 1560 493 1582 11
522 1552 606 1585 374:
643 1551 724 1582 uide
757 1560 797 1582 IV
825 1551 889 1582 600
919 1551 1086 1591 litoraque
1118 1550 1154 1581 in
1185 1550 1297 1590 Syrtis
1328 1560 1492 1581 reuocans
1521 1549 1661 1581 sinuata

111 1604 273 1642 amosa-s,
303 1604 367 1638 755
394 1603 553 1634 Euxinus
583 1602 754 1643 Scythicos
783 1606 908 1642 pontus
939 1602 1095 1633 sinuatus
1126 1601 1162 1632 in
1193 1612 1305 1639 arcu-³,
1335 1601 1433 1632 anth.
1458 1600 1535 1632 Lat.
1558 1600 1653 1632 Ries.

115 1656 177 1688 139
206 1657 222 1687 1
247 1654 378 1696 steatitis
408 1655 541 1695 obliquo
572 1655 765 1685 sinuatur
796 1653 976 1685 circulus
1008 1653 1094 1684 orbe.
1144 1658 1244 1689 recta,
1272 1653 1365 1694 quod
1393 1653 1452 1694 qui
1480 1652 1660 1684 reuocauit

112 1706 260 1740 Iacobus
291 1706 419 1738 stolide
449 1706 494 1737 ad
525 1706 708 1746 dispendia
740 1705 892 1743 rettulit,
927 1704 1101 1746 quomodo
1125 1704 1368 1746 accipiendum
1399 1708 1491 1735 esset
1525 1704 1660 1745 primus

113 1759 294 1791 Breiterus
326 1757 471 1790 uidetur
502 1758 740 1789 intellexisse:
773 1757 970 1798 superiores
1002 1761 1111 1788 rectae
1147 1766 1188 1787 ex
1224 1755 1449 1797 interpolatis
1481 1755 1660 1787 codicibus

113 1814 330 1852 receperant,
360 1809 454 1851 quod
481 1815 568 1851 quot
599 1819 732 1840 errores
763 1808 958 1849 procrearit
986 1807 1075 1838 nihil
1105 1808 1238 1839 attinet
1266 1807 1391 1838 dicere.
1450 1817 1661 1848 quamquam

113 1862 253 1904 planius
276 1866 313 1893 et
335 1861 461 1892 melius
484 1861 697 1892 scriberetur
720 1860 781 1891 uia
799 1885 805 1891 .
828 1884 834 1891 .
856 1884 863 1891 .
885 1864 976 1891 recta
1000 1859 1158 1890 ablatiuo
1179 1869 1284 1897 casu;
1312 1869 1425 1900 neque
1446 1859 1539 1890 enim
1560 1869 1661 1900 gene-

115 1914 190 1946 tiuo
206 1923 294 1955 opus
310 1916 375 1952 est,
395 1912 556 1954 dixitque
572 1912 728 1950 Tacitus,
747 1916 787 1943 ut
805 1922 884 1942 ann.
906 1920 918 1942 1
936 1912 977 1943 63
999 1912 1018 1943 6
1042 1910 1248 1951 compendiis
1265 1910 1416 1946 uiarum,
1436 1910 1487 1941 ita
1503 1919 1559 1941 ΧΠ
1578 1910 1620 1942 ‘28
1645 1911 1659 1941 l

115 1965 235 1997 eodem
261 1975 364 1996 sensu
383 1963 605 2004 propioribus
628 1962 847 2004 compendiis,
871 1962 1166 2004 quemadmodum
1191 1962 1265 2003 ipse
1289 1962 1458 1993 Manilius
1484 1971 1513 1993 11
1538 1963 1601 1993 928
1625 1966 1663 1993 ut

116 2016 234 2049 breuia
250 2016 287 2048 in
306 2016 405 2056 lonyo
426 2015 627 2056 compendia
648 2015 798 2047 carmine
819 2019 1000 2054 praestem.
1050 2014 1190 2045 diuersa
1211 2012 1467 2055 significatione
1484 2013 1663 2044 Martialis

117 2077 158 2100 IX
184 2069 226 2100 99
253 2068 274 2099 5
304 2072 342 2099 tu
366 2067 427 2108 qui
452 2067 554 2107 [onya
576 2071 672 2108 potes
698 2065 883 2106 dispendia
907 2066 1005 2106 ferre
1032 2065 1183 2103 uiarum,
1213 2064 1249 2096 id
1276 2069 1330 2096 est
1357 2064 1576 2096 incommoda

159 2118 310 2150 342-346
332 2129 403 2150 non
424 2119 636 2160 quicumque
657 2118 756 2160 signo
779 2117 898 2159 aliquo
922 2117 1175 2158 horoscopante
1199 2116 1356 2158 gignitur
1380 2116 1661 2147 coniunctionem

116 2170 407 2212 concordiamque
432 2169 539 2201 habet
564 2180 642 2201 cum
667 2169 774 2211 signis
797 2169 830 2200 ei
857 2169 956 2210 signo
982 2169 1142 2209 trigonis,
1169 2172 1210 2199 ut
1238 2167 1433 2199 necessario
1460 2168 1563 2199 amici
1590 2167 1663 2198 sint

117 2223 179 2265 qui
212 2222 277 2254 sub
304 2222 428 2253 Ariete
454 2222 584 2263 quique
614 2221 679 2253 sub
710 2220 826 2252 Leone
857 2219 1097 2261 Sagittarioue
1128 2222 1344 2257 nascuntur3
1378 2218 1472 2260 quod
1503 2218 1595 2250 idem
1626 2219 1663 2250 in

117 2274 292 2317 quadrata
321 2273 421 2315 signa
450 2273 547 2305 ualet
647 2272 710 2303 342
741 2274 894 2310 trigonis
925 2274 994 2310 LM,
1021 2273 1183 2308 trigonos
1214 2270 1277 2302 GL²
1308 2270 1353 2301 ad
1386 2271 1506 2302 ductus
1538 2281 1570 2301 u.
1599 2270 1664 2302 343

117 2324 420 2358 accommodatum
508 2324 570 2355 343
609 2323 672 2354 344
703 2324 823 2363 (2318
854 2323 931 2362 319)
964 2322 1098 2354 deleuit
1137 2322 1292 2364 Scaliger
1322 2321 1375 2353 ed.
1410 2323 1424 2353 l
1465 2322 1664 2363 iterumque

118 2377 312 2415 Bentleius,
336 2376 473 2408 omittit
496 2375 571 2407 cod.
596 2375 675 2407 Par.
696 2375 726 2407 si
749 2374 836 2406 fides
861 2374 1040 2407 stoebero.
1090 2373 1317 2405 aberrauerat
1340 2373 1505 2405 librarius
1529 2384 1549 2404 a
1573 2383 1663 2404 cons-

119 2439 153 2461 u.
173 2429 237 2461 345
263 2427 308 2459 ad
336 2438 426 2459 con-s-
455 2438 487 2459 u.
507 2428 571 2459 318
669 2426 734 2457 344
763 2428 916 2464 trigonis
944 2426 995 2457 ita
1023 2425 1105 2456 libri
1135 2428 1281 2466 propter
1305 2425 1412 2464 simiis
1438 2435 1471 2456 u.
1492 2425 1555 2456 345

163 2479 226 2510 345
257 2488 321 2511 nec
351 2478 426 2518 GL2,
454 2488 498 2511 ne
527 2482 562 2517 L,
591 2487 635 2510 ue
665 2481 699 2509 Μ
788 2477 851 2508 346
886 2480 1055 2509 continua
1085 2476 1178 2515 libri,
1212 2476 1307 2517 quod
1341 2486 1464 2508 uereor
1498 2479 1539 2507 ut
1569 2479 1665 2508 recte

119 2531 301 2563 reduxerit
324 2530 484 2562 Iacobus.
541 2529 703 2562 continua
726 2529 944 2567 commercia,
973 2538 1082 2570 usque
1106 2539 1126 2559 a
1153 2528 1325 2570 principio
1349 2527 1394 2559 ad
1417 2527 1521 2559 finem
1544 2527 1665 2569 quarti

120 2583 289 2624 cuiusque
318 2582 410 2624 signi
440 2582 668 2619 continuata3
707 2580 780 2612 sola
810 2581 903 2612 enim
931 2582 1101 2621 quattuor
1130 2583 1263 2621 puncta
1294 2579 1474 2620 angularia
1505 2579 1598 2610 inter
1628 2589 1665 2610 se

121 2634 358 2666 consentiunt.
406 2635 571 2665 continuo
587 2633 889 2674 Regiomontanus
906 2642 984 2663 cum
1006 2642 1116 2672 eoque
1133 2631 1288 2673 Scaliger
1308 2634 1344 2662 et
1360 2630 1551 2669 Bentleius,
1570 2630 1665 2672 quod

120 2686 223 2718 unice
243 2689 366 2727 aptum
387 2684 531 2716 uidetur
620 2683 682 2715 347
704 2686 798 2715 enim
820 2683 1013 2721 Bentleius,
1038 2693 1058 2713 a
1080 2693 1149 2724 quo
1171 2682 1296 2713 Latine
1319 2681 1453 2713 discere
1475 2681 1665 2713 noluerunt

121 2736 315 2778 Pingraeus
331 2735 480 2768 Iacobus
496 2735 700 2773 Bechertus,
717 2737 811 2767 enim
827 2743 874 2766 an
890 2734 971 2766 libri
986 2747 993 2765 2
1019 2743 1048 2766 11
1065 2735 1125 2766 651
1145 2734 1250 2765 distat
1267 2733 1356 2765 enim
1371 2738 1531 2774 surgatne
1548 2733 1666 2765 eadem

121 2788 277 2820 subeacne
294 2788 438 2819 caclatne
525 2787 588 2817 348
610 2796 654 2818 ne
676 2786 868 2825 Bentleius,
888 2795 956 2824 que
975 2785 1058 2817 libri
1146 2785 1307 2817 detractet
1331 2785 1485 2823 modum,
1504 2787 1663 2816 recuset:

122 2839 216 2872 idem
232 2841 288 2871 est
307 2838 458 2870 ‘numeris
478 2842 672 2879 repuqnant
693 2849 726 2869 u.
741 2838 805 2870 306
893 2837 1027 2869 numeri
1049 2845 1160 2869 cchX
1185 2837 1341 2878 partium
1432 2835 1494 2867 349
1515 2838 1666 2868 efficiens

123 2891 277 2933 Scaliger
292 2890 346 2922 ed.
362 2892 392 2929 l,
407 2892 533 2922 efficiet
548 2890 640 2928 libri,
659 2900 729 2932 quo
750 2900 820 2920 non
842 2889 958 2920 minus
979 2888 1200 2920 inconditum
1216 2891 1270 2920 est
1291 2887 1385 2930 quod
1408 2887 1563 2930 Scaliger
1578 2887 1632 2919 ed.
1645 2888 1669 2919 2
