1931 3202
223 155 303 196 118
510 153 571 197 M.
604 153 855 198 MANILII
896 153 1380 198 ASTRONOMICON
1421 152 1471 197 II

219 265 336 304 ὀμοίωσ
357 266 391 297 δέ
411 268 463 297 καὶ
484 267 542 304 τὴν
565 267 812 307 ὀκτάτροπον.
862 276 952 308 quae
968 266 1082 308 qualis
1098 265 1206 298 fuerit
1229 276 1270 297 ex
1292 266 1389 298 nullo
1409 269 1549 308 praeter
1570 267 1759 298 Firmieum

217 320 360 349 auctore
377 316 554 356 discimus,
567 318 628 359 qui
645 326 674 348 11
694 318 733 349 14
756 317 796 349 de
813 323 883 349 octo
899 317 980 349 locis
996 317 1080 349 haec
1097 317 1221 356 tradit,
1236 318 1256 350 3
1271 317 1364 350 uitae
1379 318 1470 350 locu&
1485 322 1532 350 eac
1548 317 1584 350 in
1599 328 1635 350 eo
1651 317 1756 359 siyno,

218 367 256 400 in
275 378 341 410 qno
362 373 407 400 esc
429 368 632 409 horoscopus
655 368 864 408 constitutus,
882 368 955 410 spei
976 369 1028 400 uel
1046 368 1214 410 pecuniae
1237 369 1273 400 in
1296 370 1439 401 secundo
1460 369 1636 410 horoscopi
1651 368 1756 409 siano,

209 419 370 459 fratrum
391 419 428 451 in
443 419 553 458 tercio,
570 424 755 460 parentum
777 419 814 452 in
835 424 971 462 quareo,
984 419 1144 461 filiorum
1164 419 1201 452 in
1222 420 1350 462 quinto,
1368 420 1572 453 vmliludinis
1594 420 1631 452 in
1653 426 1757 460 sexto,

218 470 369 511 coniuyis
385 471 421 503 in
436 471 589 512 septimo,
604 471 723 503 mortis
738 471 775 504 in
786 476 914 504 octauo.
963 481 1050 513 quae
1066 471 1183 504 omnia
1195 471 1332 504 initium
1348 472 1390 504 ab
1403 472 1584 514 horoscopo
1591 472 1760 513 jacientes

219 522 282 554 hac
302 522 477 554 nominum
498 522 690 564 definitione
706 523 941 564 siqnauimus:
964 524 1068 563 uitae,
1086 523 1168 565 spei,
1187 523 1356 563 fratrum,
1374 529 1570 565 parentum,
1589 523 1756 563 filiorum,

218 574 435 613 ualitudinis,
453 574 613 615 coniuqis,
631 574 760 606 mortis.
810 574 894 606 haec
915 577 1033 606 autem
1055 578 1133 607 octo
1154 575 1231 607 loca
1251 575 1372 607 eadem
1394 579 1476 607 sunt
1492 576 1633 617 quaein
1655 575 1755 607 dode-

218 628 363 667 catropo
386 636 406 657 a
428 625 543 668 primo
566 625 611 657 ad
636 628 801 658 octauum
826 632 1065 665 numerantur,
1086 626 1193 658 Firm.
1212 635 1241 658 11
1265 627 1304 659 19
1324 627 1400 666 2-9,
1419 627 1461 659 20
1477 627 1509 665 2,
1528 630 1569 658 ut
1592 630 1760 669 appareat

218 679 426 719 oototropon
456 677 545 709 nihil
571 687 646 709 esse
671 678 741 709 nisi
772 677 1032 720 dodecatropon
1063 678 1119 710 cui
1146 681 1315 720 quattuor
1341 678 1467 710 ultima
1498 678 1573 710 loca
1600 678 1760 710 detracta

218 728 313 767 sint;
345 739 386 760 ea
415 739 499 760 uero
529 728 699 760 Manilius
729 739 798 761 non
830 728 998 768 detraxit,
1029 729 1090 761 sed
1121 729 1164 761 de
1195 740 1286 761 nono
1311 740 1368 761 uu.
1404 730 1520 768 905-9‚
1550 729 1593 762 de
1625 729 1759 762 decimo

218 780 358 818 918-28‚
388 779 432 811 de
460 779 642 812 undecimo
672 781 814 819 881-90,
844 780 887 812 de
915 780 1120 813 duodecimo
1147 782 1255 813 864-6
1281 782 1453 823 exposuit.
1511 781 1621 813 falsus
1651 781 1760 823 igitur

219 831 289 863 fuit
321 832 381 873 qui
420 831 634 863 Manilianae
671 831 900 874 dodecatropi
938 832 1166 874 descriptioni
1200 833 1375 874 octotropi
1413 843 1538 864 nomen
1574 834 1760 865 conuenire

219 886 318 915 ratus
344 883 406 914 hos
432 885 505 915 tres
531 894 653 915 uersus
680 883 830 915 adiecit:
864 883 1016 916 absurde
1043 883 1136 915 idem
1163 883 1206 915 de
1232 884 1384 925 planetis
1412 884 1447 916 id
1478 885 1640 926 promisit
1666 885 1759 926 quod

219 934 405 966 Manilium
430 934 533 967 modo
560 946 593 967 u.
628 935 692 967 965
722 935 923 977 promisisse
953 945 1022 968 non
1052 935 1364 975 animaduerterat,
1397 935 1646 968 absurdissime
1677 947 1760 968 uero

217 986 374 1019 oratione
397 997 459 1028 per
479 986 703 1018 enuntiatum
722 986 912 1018 relatiuum
933 987 1141 1019 continuata
1159 986 1275 1019 effecit
1295 990 1336 1019 ut
1357 987 1479 1019 stellae
1502 991 1566 1019 aut
1586 987 1760 1030 octotropi

218 1048 343 1069 nomen
382 1042 445 1070 aut
482 1044 618 1079 partem
656 1037 837 1070 doctrinae
875 1038 1057 1080 peruolare
1095 1038 1306 1071 dicerentur.
1371 1038 1436 1070 tali
1475 1043 1593 1071 autem
1635 1042 1760 1081 poetae

217 1091 403 1129 οεεόενοροε
426 1100 494 1120 non
517 1090 633 1121 minus
653 1089 921 1121 condonandum
943 1101 1065 1122 censeo
1083 1101 1188 1132 quam
1207 1090 1466 1132 Arctophylclca
1486 1090 1517 1122 ei
1538 1091 1599 1132 qui
1620 1101 1759 1123 uersum

219 1150 232 1173 1
248 1142 312 1174 565
328 1141 476 1173 Manilio
492 1142 677 1184 supposuit
