1931 3202
831 114 892 157 M.
924 114 1058 157 MAN
1062 114 1175 156 ILII

235 116 260 152 01

266 113 289 151 Na

407 223 462 265 ad
484 224 687 266 iuuenem
710 228 911 267 aeternas
931 225 1191 268 fundentem
1215 226 1411 268 Piscibus
1433 227 1574 269 undas

406 297 538 353 inque
560 299 676 354 ipsos
697 299 870 341 animus
894 299 1036 342 Pisces
1057 300 1257 356 oculique
1280 301 1477 343 Leonem.

406 371 574 414 Cancer
595 376 638 414 eb
659 372 844 415 aduerso
866 372 1160 429 Capricornus
1180 375 1383 417 condibus
1404 378 1524 417 astro

281 454 344 486 495
405 445 450 486 in
473 449 609 488 semet
631 449 814 488 uertunt
835 447 994 497 oculos,
1014 448 1060 489 in
1082 452 1238 490 mutua
1258 449 1450 491 tendunb

403 520 596 570 auribus,
617 523 661 562 eb
682 520 839 563 Cancri
861 524 1067 577 captatur
1087 523 1311 578 Aquarius
1331 529 1442 565 astu.

403 597 451 635 at
472 593 560 636 Leo
580 609 679 636 cum
702 594 900 637 Geminis
921 596 1057 638 aciem
1080 597 1310 653 coniungit,
1330 601 1374 640 eb
1394 612 1544 640 aurem

402 667 627 710 Centauro
646 668 772 724 ferus
794 673 838 711 eb
860 669 1115 726 Capricorni
1137 670 1285 727 diligit
1305 676 1485 714 astrum.

400 741 589 798 Erigone
611 742 806 785 Taurum
828 747 999 800 spectat,
1020 746 1095 787 sed
1119 745 1331 802 Scorpion
1353 746 1480 788 audii:

275 823 339 856 500
399 818 532 871 atque
554 816 818 872 Sagittifero
839 822 1024 860 conatur
1045 822 1217 861 nectere
1239 819 1452 862 fraudem.

397 889 531 931 Libra
552 905 653 933 suos
673 892 875 947 sequitur
897 907 1050 934 sensus
1072 894 1300 950 solumque
1322 894 1514 936 uidendo

396 962 663 1021 Lanigerum
685 969 818 1021 atque
840 967 988 1009 animo
1009 968 1238 1024 complexa
1259 972 1325 1010 esb
1348 969 1558 1024 Scorpion
1580 968 1708 1011 infra.

223 1115 341 1148 ualuit.
391 1116 485 1158 quod
510 1116 693 1150 Bentleius
718 1118 859 1151 addidit
884 1124 930 1151 est
955 1122 1059 1151 nocet
1084 1121 1281 1152 sententiae
1369 1120 1522 1161 indutus,
1550 1120 1652 1153 Ouid.
1682 1124 1763 1153 met.

219 1179 247 1201 11
286 1170 350 1202 850
388 1170 547 1203 induitur
575 1172 710 1212 faciem
746 1173 851 1212 tauri,
892 1173 987 1205 Man.
1022 1183 1046 1205 V
1077 1175 1138 1206 381
1172 1174 1242 1215 ipse
1273 1175 1373 1207 deum
1406 1175 1538 1216 Cycnus
1567 1175 1681 1208 condit

261 1224 481 1260 geminorum
504 1225 578 1255 ioui
600 1226 624 1255 L
711 1224 775 1255 493
799 1227 940 1257 animus
961 1225 1062 1257 Voss.
1091 1227 1166 1265 390,
1185 1229 1343 1258 animum
1366 1230 1460 1266 GLM,
1488 1230 1530 1259 ut
1552 1227 1617 1258 422
1640 1238 1768 1259 annum

217 1286 280 1317 pro
318 1287 429 1308 annus
531 1277 596 1308 494
634 1281 797 1311 conditus
836 1279 1001 1322 Scaliger,
1035 1283 1200 1313 conditur
1237 1281 1312 1321 GL²‚
1346 1284 1507 1314 conditor
1543 1284 1602 1313 ΒΜ
1703 1281 1767 1312 495

217 1331 366 1360 uertunt
397 1331 434 1368 G,
468 1332 624 1362 uertitur
656 1333 726 1370 LM,
761 1331 855 1362 unde
887 1333 1044 1363 uertitur
1075 1334 1114 1363 in
1145 1336 1257 1365 semet
1289 1332 1326 1364 Ι.“2
1424 1336 1542 1365 oeulos
1574 1333 1766 1373 Bentleius,

216 1382 405 1418 oculosque
431 1383 468 1419 G,
497 1384 608 1413 oculis
634 1385 693 1414 LM
789 1385 827 1414 in
854 1387 981 1415 mutua
1006 1386 1041 1422 G,
1072 1386 1110 1415 in
1136 1388 1237 1416 muta
1263 1388 1308 1423 M,
1337 1387 1557 1423 immutaque
1584 1387 1608 1417 1.
1702 1384 1767 1416 496

216 1433 333 1463 cancri
356 1435 402 1471 M,
428 1441 554 1464 cancer
576 1436 626 1464 GL
713 1438 896 1475 captatur:
924 1436 1066 1467 ‘sensus
1091 1438 1145 1467 esb
1170 1435 1344 1468 Cancrum
1366 1436 1527 1468 insidiari
1550 1437 1708 1478 Aquario
1731 1441 1767 1468 et

216 1482 375 1514 fraudem
399 1483 452 1515 illi
474 1484 634 1516 nectere'
659 1485 824 1518 Huetius.
875 1486 926 1518 ita
950 1487 1014 1519 519
1035 1492 1225 1528 captentur,
1245 1487 1315 1521 Cic.
1335 1488 1432 1520 acad.
1453 1497 1483 1520 11
1504 1489 1547 1520 94
1569 1488 1654 1529 quid
1677 1488 1766 1520 enim

215 1534 264 1565 ad
291 1534 388 1567 illum
414 1535 475 1576 qui
504 1540 534 1568 te
560 1541 730 1577 captare
764 1537 847 1576 uult,
878 1543 993 1569 utrum
1025 1543 1184 1570 tacentem
1221 1539 1388 1571 irretiat
1424 1545 1452 1571 te
1480 1550 1526 1571 an
1552 1540 1767 1581 loquentem?

217 1585 292 1617 Liu.
320 1595 429 1618 xxxn
452 1587 494 1619 33
519 1589 555 1619 ll
581 1587 746 1620 insidiari
769 1593 799 1621 et
823 1594 963 1630 captare
1061 1594 1144 1622 astu
1167 1590 1362 1630 Betriacum,
1387 1594 1489 1623 astro
1511 1591 1604 1623 libri.
1653 1591 1765 1624 multo

215 1637 353 1669 facilius
369 1637 445 1670 fieri
460 1640 580 1680 potuit.
594 1642 637 1671 ut
653 1639 790 1672 librarii
807 1645 885 1672 astu
902 1651 967 1683 pro
989 1641 1077 1673 astri
1093 1641 1255 1674 habitum
1271 1643 1307 1674 in
1324 1647 1417 1675 astro
1432 1646 1624 1682 mutarent,
1644 1643 1764 1676 obuer-

216 1692 317 1720 sante
342 1689 491 1722 fortasse
518 1701 550 1722 u.
571 1692 635 1726 667
659 1691 841 1732 Aquarius
868 1698 970 1731 astro,
998 1703 1104 1734 quam
1129 1697 1170 1725 ub
1196 1697 1312 1735 poeta,
1339 1705 1417 1726 cum
1445 1694 1765 1736 significantissimo

216 1740 387 1772 uocabulo
404 1742 458 1773 uti
474 1745 602 1783 posseb,
623 1744 688 1775 tris
704 1754 827 1775 uersus
842 1744 906 1776 494
922 1745 986 1777 496
1002 1745 1065 1776 498
1082 1745 1245 1777 claudere
1260 1746 1383 1777 mallei:
1399 1746 1520 1778 eadem
1539 1746 1763 1779 circumlocu-

217 1791 322 1824 tione.
372 1797 466 1825 astus
481 1804 591 1836 prope
610 1794 703 1826 idem
724 1798 777 1827 est
796 1795 890 1837 quod.
914 1797 976 1831 487
994 1799 1031 1828 et
1046 1797 1111 1828 500
1124 1797 1255 1837 fraus:
1289 1798 1379 1830 Stat.
1399 1798 1483 1829 Ach.
1505 1807 1518 1829 1
1534 1798 1598 1830 283
1614 1799 1765 1839 fraudes

215 1849 402 1885 astumque,
422 1843 502 1877 Sen.
519 1845 598 1878 Tro.
620 1847 683 1878 613
699 1857 787 1879 nunc
804 1847 937 1880 acluoca
953 1853 1057 1886 astus,
1076 1848 1200 1888 anime,
1219 1859 1308 1881 nunc
1316 1849 1479 1890 fraudes,
1498 1850 1561 1881 523
1577 1850 1677 1882 nectit
1694 1875 1701 1883 .
1723 1875 1730 1882 .
1752 1875 1759 1882 .

216 1900 319 1927 astus.
378 1901 539 1937 captatur
566 1902 644 1929 astu
672 1901 713 1929 ut
740 1898 872 1931 Auson.
903 1899 964 1934 177
986 1900 1006 1931 3
1030 1899 1140 1941 (Peip.
1167 1910 1200 1941 p.
1224 1902 1280 1939 41)
1307 1901 1440 1933 nultum
1466 1901 1602 1933 insidiis
1629 1907 1760 1942 captas,

217 1945 318 1978 Ouid.
345 1951 426 1979 met.
451 1957 524 1980 XIII
547 1950 608 1981 193
629 1960 679 1991 sq.
704 1955 782 1982 astu
802 1949 807 1992 Ι
827 1950 1041 1991 decipienda,
1066 1950 1126 1984 Sil.
1150 1961 1190 1983 Vl
1211 1952 1276 1984 482
1296 1957 1374 1983 astu
1385 1953 1526 1993 fallere,
1544 1952 1650 1994 Verg.
1671 1953 1758 1985 Aen.

216 2006 256 2029 XI
274 1998 337 2032 704
352 2009 490 2031 uersare
512 2000 605 2032 dolos
623 2024 630 2031 .
650 2025 657 2032 .
678 2025 685 2033 .
706 2007 784 2033 astu
870 2001 934 2032 498
958 2006 1127 2035 centauro
1148 2006 1246 2035 ferus
1257 2004 1291 2043 ἑὲ,
1313 2008 1482 2036 centauro
1504 2004 1573 2036 iam
1594 2004 1760 2047 Scaliger,

215 2053 405 2082 centaurus
429 2051 530 2083 libri:
567 2052 701 2084 excidit
727 2053 800 2094 rqfe
827 2057 910 2085 ante
937 2054 1014 2095 rufe
1103 2055 1263 2096 sequitur
1286 2056 1322 2087 iu
1346 2055 1446 2087 libris
1473 2058 1644 2093 geminos,
1669 2057 1761 2098 quod

215 2101 309 2133 unde
330 2102 417 2134 mihi
439 2104 575 2136 uenisse
599 2104 763 2136 uideatur
780 2104 853 2136 dixi
870 2105 915 2137 ad
931 2107 994 2138 488
1009 2118 1017 2144 ;
1041 2110 1118 2138 tum
1135 2110 1172 2138 et
1187 2107 1321 2139 habent.
1335 2110 1404 2146 LM,
1424 2107 1518 2149 quod
1537 2108 1642 2139 metri
1659 2119 1762 2140 causa

215 2152 310 2185 delet
325 2153 373 2193 L²‚
392 2155 529 2186 omittit
544 2158 579 2187 G.
630 2155 802 2189 Centauro
825 2157 957 2197 (jemino
980 2157 1173 2197 Bentleius,
1191 2158 1363 2199 qeminum
1381 2159 1526 2191 Ellisius
1547 2162 1639 2192 noct.
1661 2159 1757 2192 Man.

216 2214 247 2245 p.
265 2206 319 2244 51,
338 2205 373 2236 in
396 2207 495 2238 cuius
515 2208 611 2239 uocis
633 2207 820 2239 iteratione
836 2208 970 2240 nullam
987 2212 1099 2241 artem
1115 2220 1257 2251 possum
1278 2221 1473 2252 agnoscere.
1514 2211 1618 2252 ferus
1639 2212 1760 2243 eadem

216 2260 330 2288 mente
355 2257 515 2290 additum
539 2262 626 2300 puto
650 2270 719 2301 qua
741 2261 802 2291 511
821 2260 953 2292 nudus:
978 2261 1070 2292 sicui.
1086 2261 1202 2293 nudus
1218 2262 1396 2304 Aquarius
1417 2263 1519 2294 audit
1540 2262 1705 2295 Geminos
1724 2269 1761 2295 et

214 2307 308 2349 ipsos
323 2309 437 2341 nudos
453 2311 495 2349 (11
516 2311 588 2349 163,
606 2312 693 2350 184),
712 2311 762 2343 sic
778 2311 904 2344 Leonis
920 2312 1015 2344 auris
1031 2323 1109 2344 cum
1127 2313 1303 2345 Centauro
1319 2314 1545 2355 coniungitur
1560 2324 1600 2346 ea
1617 2315 1760 2347 feritate

214 2369 303 2400 quae
327 2369 356 2391 11
377 2361 440 2393 616
461 2365 497 2392 et
518 2362 578 2394 621
604 2362 746 2404 utrique
769 2363 869 2405 signo
893 2364 1084 2396 communis
1109 2375 1182 2396 esse
1206 2365 1348 2398 dicitur.
1397 2365 1436 2404 Q.
1457 2365 1527 2398 Cic.
1548 2376 1603 2408 ap.
1624 2367 1754 2399 Auson.

214 2410 309 2452 Peip.
330 2422 362 2453 p.
381 2413 440 2446 107
457 2413 569 2452 (anth.
587 2413 663 2445 Lab.
686 2414 779 2446 Ries.
796 2415 871 2453 642,
889 2415 977 2457 frag.
997 2419 1089 2458 poet.
1108 2416 1207 2448 Rom.
1224 2416 1348 2449 Baehr.
1366 2427 1399 2458 p.
1417 2418 1493 2456 315)
1511 2420 1530 2450 6
1548 2417 1617 2449 Leo
1629 2418 1759 2460 proflat

205 2462 306 2500 ferus
327 2473 383 2495 ore
402 2464 530 2496 calores
617 2465 662 2497 ad
680 2465 851 2498 Centauro
867 2466 1013 2499 auditur
1029 2477 1105 2499 cum
1121 2478 1163 2499 ex
1180 2468 1294 2510 priore
1310 2468 1397 2507 loco,
1417 2471 1457 2500 ut
1473 2470 1536 2501 493
1552 2469 1653 2510 inque
1669 2469 1760 2510 ipsos

213 2514 349 2546 (mimus
375 2515 491 2547 Pisces
520 2516 672 2558 oculique
704 2518 767 2556 (in)
799 2518 944 2550 Leonem
1043 2518 1104 2550 501
1129 2530 1206 2551 suos
1236 2519 1389 2561 sequitur
1411 2530 1535 2559 sensus,
1567 2520 1653 2562 quid
1683 2521 1759 2563 ipsa

213 2566 343 2598 sentiat
369 2566 526 2609 uelibque
552 2568 707 2600 animum
735 2569 892 2601 attendit
919 2572 956 2601 et
982 2569 1127 2612 adsequi
1155 2571 1287 2609 studet,
1313 2571 1407 2613 quod
1434 2572 1528 2603 inter
1554 2583 1618 2604 nos
1644 2572 1758 2604 facere

212 2617 361 2650 solemus
377 2618 552 2651 audiendo
566 2631 573 2650 :
598 2619 699 2652 audit
711 2620 820 2662 igitur
836 2631 910 2652 sese
998 2621 1062 2652 502
1084 2624 1180 2654 infra
1192 2633 1258 2654 om.
1275 2625 1299 2654 G
1312 2623 1349 2654 in
1361 2622 1429 2655 fine
1442 2634 1564 2655 uersus
1577 2623 1754 2666 longioris.

212 2668 308 2708 infra
324 2679 360 2701 se
376 2669 541 2710 locatum,
560 2671 771 2710 inferiorem,
792 2673 902 2715 magis
923 2673 1126 2711 australem,
1145 2677 1187 2706 ui
1203 2683 1243 2705 Iv
1260 2675 1389 2709 778-80
1403 2678 1485 2717 post:
1506 2675 1647 2707 Libram
1667 2686 1756 2708 com-

212 2724 438 2753 memoratam
469 2723 629 2763 sequitur
656 2723 802 2764 inferius
819 2748 826 2755 .
848 2748 855 2756 .
878 2748 885 2756 .
905 2724 1000 2756 sidus
1016 2749 1023 2757 .
1045 2749 1052 2757 .
1074 2749 1082 2757 .
1102 2725 1281 2766 Scorpius:
1307 2725 1429 2758 eadem
1455 2726 1592 2758 ratione
1618 2737 1700 2759 mox
1727 2736 1756 2759 11

210 2771 274 2802 510
296 2772 421 2804 summi
437 2797 444 2804 .
466 2797 472 2805 .
494 2798 500 2805 .
523 2773 660 2812 Cancri,
688 2775 752 2806 512
775 2775 950 2807 sublimem
966 2800 973 2808 .
995 2801 1002 2808 .
1024 2801 1031 2809 .
1054 2776 1235 2809 Cancrum.
1284 2777 1484 2809 simillimus
1506 2781 1561 2810 est
1588 2778 1696 2810 etiam
1720 2779 1755 2810 in

208 2822 367 2854 aduerbii
383 2834 445 2865 pro
461 2824 636 2857 adiectiuo
657 2826 765 2868 positi
787 2837 851 2859 usu
873 2828 1003 2859 Auieni
1023 2827 1119 2859 locus
1140 2828 1240 2860 Arat.
1261 2829 1325 2861 962
1341 2839 1414 2871 sqq.
1436 2829 1585 2870 Eri-(sone
1602 2830 1755 2870 tepidum

206 2883 271 2905 sese
298 2875 474 2907 summittit
503 2876 538 2908 in
565 2882 721 2909 austrum
743 2876 747 2919 Ι
767 2877 1001 2921 αἰνῃίηεοεᾳυε
1021 2879 1156 2921 pudens
1185 2890 1305 2912 zonae
1337 2891 1458 2922 super
1488 2881 1619 2913 inuidet
1642 2886 1751 2920 artus,
