1931 3202
619 136 1104 181 ASTRONOMICON
1144 136 1195 179 II
1600 140 1619 178 l
1629 141 1680 179 15

308 250 500 306 subripit
521 254 565 292 et
585 250 727 292 noctis
747 252 926 306 captum
948 249 1030 291 sub
1051 264 1221 292 carcere
1242 249 1418 292 claudit.

185 335 249 367 955
307 339 387 367 nec
406 339 495 367 non
517 327 561 366 et
582 323 685 366 fidei
707 324 893 366 tutelam
915 324 1114 366 uindicat
1134 324 1218 380 ipsi

307 399 495 455 pectoris
516 402 561 441 et
581 398 763 455 pondus.
824 401 951 440 tanta
973 402 1040 441 est
1061 399 1107 440 in
1129 398 1229 440 sede
1250 401 1446 455 potestas

308 487 418 529 quae
435 476 565 515 uocat
586 475 630 514 et
650 473 801 515 condit
823 472 1046 515 Phoebum
1067 473 1310 529 recipitque
1331 472 1566 528 refertque,

306 550 667 602 consummatque
687 547 813 589 diem.
874 547 955 589 tali
975 547 1058 589 sub
1079 547 1173 603 lege
1194 547 1414 589 notandae

305 622 569 678 templorum
590 622 673 663 tibi
694 625 799 663 sunt
819 622 960 672 uires;
992 636 1102 678 quae
1124 623 1325 678 peruolat
1345 622 1486 664 omnis

182 706 247 738 960
305 699 525 738 astrorum
547 697 679 738 series
700 696 910 752 ducitque
933 701 977 738 et
998 697 1245 739 commodat
1267 697 1354 738 illis

305 772 401 828 ipsa
421 786 521 813 suas
542 772 671 827 leges,
693 771 930 826 stellaeque
953 767 1007 813 e'x
1029 771 1181 813 ordine
1202 774 1332 821 certo,

130 904 270 934 retento
287 912 365 934 cum
381 906 519 943 captum
535 912 640 933 uersu
657 902 856 943 insequenti
880 901 964 933 ferri
980 912 1050 933 non
1066 912 1168 944 posse
1184 901 1441 943 intellegerent,
1461 901 1615 943 Scaliger
1638 901 1674 933 in

130 958 261 994 captas,
276 952 458 985 Bentleius
471 954 507 985 in
524 953 654 985 caelum
671 953 708 985 id
723 953 933 985 mutandum
950 953 1110 992 coniecit,
1126 954 1188 995 qui
1204 953 1405 985 huiusmodi
1421 953 1672 992 enarrationes,

133 1005 228 1036 ‘dies
253 1007 367 1037 terras
391 1005 499 1046 eripit
523 1015 585 1047 per
611 1008 726 1036 totum
751 1005 883 1044 orbem,
902 1015 1050 1047 eumque
1074 1005 1193 1036 orbem
1217 1005 1330 1036 noctis
1354 1015 1491 1037 carcere
1515 1004 1674 1043 claudit,'

129 1057 304 1098 imperitis
319 1056 530 1095 hominibus,
546 1056 648 1088 Iunio
665 1056 761 1098 Fayo
777 1056 916 1095 Iacobo,
932 1057 1160 1098 reliquerunt.
1210 1056 1271 1088 sed
1288 1067 1331 1088 ne
1348 1056 1515 1098 Scaligeri
1531 1055 1672 1098 quidem

129 1113 166 1139 et
190 1107 329 1140 Bentlei
353 1108 550 1150 scripturae
575 1108 664 1139 uitio
691 1111 835 1145 carent;
858 1119 938 1139 nam
963 1108 1029 1140 etsi
1054 1108 1128 1140 dies
1152 1108 1332 1139 moriendo
1356 1111 1468 1139 terras
1492 1107 1674 1149 subripere

129 1165 203 1192 tam
232 1163 328 1192 recte
359 1159 490 1192 dicitur
520 1170 625 1202 quam
656 1159 749 1191 dixit
780 1159 886 1192 Silius
917 1169 973 1191 ΧΠ
1005 1161 1066 1195 647
1099 1160 1283 1191 abstulerat
1321 1165 1430 1191 terras
1460 1159 1674 1200 nigrantibus

130 1211 304 1252 Hesperus
327 1211 467 1250 umbris,
498 1214 645 1253 apparet
675 1215 793 1242 tamen
818 1211 901 1242 huic
926 1211 1071 1253 imagini
1097 1222 1167 1242 non
1194 1212 1382 1243 conuenire
1409 1211 1585 1243 adiectum
1609 1221 1674 1251 per

128 1262 251 1302 orbem,
276 1262 312 1294 id
336 1266 390 1295 est
417 1264 512 1302 (nam
536 1263 585 1294 sic
612 1263 808 1294 necessario
831 1263 1024 1304 accipiunt)
1052 1263 1088 1294 in
1113 1262 1274 1294 omnibus
1299 1266 1472 1295 terrarum
1496 1262 1668 1305 partibus.

128 1314 233 1346 immo
270 1314 376 1346 tellus
414 1314 519 1353 diem,
553 1317 593 1346 ut
624 1317 766 1355 captum
799 1314 954 1345 tenebris
985 1314 1138 1353 claudat,
1171 1314 1324 1356 subripit
1361 1325 1424 1356 per
1460 1314 1571 1346 latera
1609 1324 1673 1346 sua

127 1365 325 1398 orbiculata
347 1365 415 1405 uel,
437 1365 611 1408 quomodo
635 1375 680 1397 111
707 1366 814 1400 325-7
839 1365 1008 1407 loquitur,
1026 1376 1091 1406 per
1114 1376 1265 1397 conuecta
1282 1391 1289 1397 .
1310 1390 1317 1398 .
1339 1391 1346 1398 .
1358 1366 1511 1407 fa-stiyz'a
1527 1364 1670 1408 terrae,1

127 1427 232 1458 quam
255 1417 352 1449 tereti
374 1422 503 1449 natura
525 1418 594 1449 solo
617 1416 804 1449 ‹lecirciuat
824 1417 936 1449 orbem
955 1418 959 1458 Ι
981 1417 1018 1449 iu
1034 1417 1212 1449 tumidum.
1262 1417 1312 1448 sie
1331 1426 1344 1448 1
1366 1418 1485 1456 230-3,
1504 1417 1589 1459 quia
1607 1427 1674 1458 per

127 1474 260 1501 teretem
275 1469 421 1501 deducta
438 1474 483 1501 est
499 1474 592 1500 terra
609 1474 784 1507 tumorem,
805 1472 993 1511 propterea
1009 1469 1103 1508 luna,
1122 1468 1205 1500 dum
1223 1479 1299 1500 eam
1315 1469 1490 1508 circumit,
1499 1468 1620 1510 fertur
1635 1469 1672 1500 iu

126 1520 238 1553 orbem
259 1520 264 1563 Ι
282 1521 432 1552 uentris:
457 1520 548 1552 adde
564 1529 578 1552 1
594 1521 658 1552 219
675 1531 724 1562 sq.
742 1521 915 1561 medioque
928 1525 1056 1552 tumore
1076 1520 1080 1562 Ι
1103 1520 1252 1561 eripiunt
1268 1525 1379 1552 terrae
1392 1521 1522 1552 caelum
1609 1519 1671 1551 955

126 1571 232 1604 fidem
257 1572 294 1604 in
314 1572 380 1604 hoc
403 1572 536 1614 templo
559 1572 765 1604 collocatam
788 1572 882 1614 apud
906 1572 992 1603 alios
1016 1583 1084 1603 non
1109 1573 1251 1604 inuenio
1338 1575 1409 1610 ipsi
1432 1572 1612 1604 Breiterus
1635 1572 1672 1603 in

126 1623 245 1656 Fleck.
266 1623 381 1656 annal.
403 1623 470 1656 uol.
494 1624 555 1656 139
578 1634 611 1665 p.
633 1624 707 1662 697,
726 1626 842 1662 ipsam
865 1623 946 1655 libri
966 1624 1064 1655 nulla
1083 1634 1161 1655 cum
1181 1623 1226 1655 ui.
1276 1633 1315 1655 1v
1340 1625 1403 1656 356
1427 1624 1538 1655 decem
1557 1623 1673 1664 partis

126 1675 231 1716 Nepa
253 1675 410 1707 uindicat
432 1675 513 1716 ipsi,
531 1675 596 1708 hoc
620 1678 673 1707 est
697 1675 771 1714 sibi,
791 1675 855 1707 312
878 1675 982 1708 Aries
1003 1675 1156 1716 primam
1174 1680 1312 1716 partem
1333 1675 1397 1707 sibi
1412 1675 1568 1707 uindicat
1591 1675 1670 1716 ipsi,

126 1736 155 1759 11
174 1728 236 1760 189
253 1730 288 1759 et
305 1736 347 1758 1V
362 1727 426 1762 710
441 1727 506 1759 sibi
521 1727 689 1766 uindicat,
705 1736 735 1759 11
752 1728 816 1759 814
831 1727 895 1759 sibi
911 1727 1071 1766 uindicet,
1087 1732 1127 1759 ut
1142 1738 1315 1769 nusquam
1333 1727 1426 1759 desit
1442 1727 1585 1759 datiuus

169 1778 233 1810 956
258 1779 403 1820 pectoris
426 1780 575 1820 pondus,
601 1781 719 1821 ‘sages
746 1779 912 1810 conseils'
935 1778 1147 1820 Pingraeus:
1177 1779 1340 1820 equidem
1362 1782 1507 1821 propter
1523 1778 1612 1819 fidei
1634 1778 1672 1810 id

125 1830 264 1872 pondus
286 1830 454 1872 intellego
477 1830 571 1872 quod
595 1831 693 1862 nulla
717 1830 777 1862 diu
801 1830 933 1862 femina
957 1830 1075 1869 habet,
1102 1830 1205 1872 Prop.
1234 1839 1264 1861 11
1287 1830 1329 1862 25
1353 1830 1397 1861 22
1484 1829 1548 1861 957
1572 1835 1671 1862 uocat

126 1881 171 1913 ad
201 1892 238 1914 se
268 1885 306 1914 et
335 1882 447 1914 condit
477 1882 551 1913 siue
582 1882 717 1924 sepelit.
767 1882 852 1914 haec
879 1882 924 1913 ad
951 1882 1075 1913 mortis
1106 1885 1319 1924 potestatem
1350 1881 1385 1913 in
1413 1882 1564 1923 septima
1590 1881 1672 1913 sede

126 1933 317 1975 repositam
333 1937 509 1975 spectant,
528 1933 573 1965 ad
590 1933 672 1965 fidei
697 1933 845 1965 tutelam
862 1944 952 1975 quae
968 1938 1175 1975 sequuntur,
1193 1933 1314 1974 recipit
1337 1936 1374 1965 et
1395 1933 1510 1974 refert,
1530 1933 1594 1965 hoc
1617 1936 1672 1965 est

125 1987 304 2027 receptum
321 1984 449 2016 reddit.
498 1996 579 2016 nam
595 1985 689 2027 quod
712 1985 867 2027 Scaliger
889 1996 959 2016 non
975 1996 1134 2016 occasum
1152 1985 1213 2016 sed
1237 1985 1467 2027 horoscopum
1491 1984 1670 2016 Phoebum

125 2036 256 2068 referre
273 2036 372 2075 dicit,
391 2036 602 2078 horoscopus
619 2037 725 2068 solem
743 2036 844 2068 nobis
860 2036 990 2068 referre
1007 2048 1076 2068 non
1092 2041 1210 2078 posset
1226 2036 1292 2068 nisi
1316 2036 1360 2068 ab
1377 2046 1500 2068 occasu
1521 2035 1670 2068 relatum

126 2089 311 2130 acciperet.
360 2099 424 2119 nec
451 2091 547 2120 recte
581 2088 764 2120 Bentleius
798 2088 843 2120 ad
874 2088 1062 2130 antipodas
1089 2088 1269 2120 Phoebum
1300 2087 1452 2119 relatum
1482 2087 1670 2129 intellegit,

125 2150 275 2181 quorum
297 2139 394 2171 nulla
417 2140 454 2171 in
476 2143 602 2182 poetae
626 2139 743 2171 uerbis
767 2141 860 2172 inest
876 2139 1086 2181 significatio
1175 2139 1237 2170 958
1262 2142 1483 2171 consummat
1505 2142 1574 2178 ΒΜ,
1593 2147 1670 2171 con-

126 2194 245 2223 sumat
267 2194 304 2230 G,
323 2191 488 2223 consumit
512 2191 612 2223 codd.
633 2191 711 2223 Par.
737 2195 773 2223 et
800 2191 892 2223 Flor.
914 2195 951 2223 et
978 2191 1131 2223 editores
1159 2195 1241 2223 ante
1268 2191 1479 2230 Bentleium,
1504 2190 1565 2232 qui
1593 2201 1670 2222 cum

125 2242 296 2275 librorum
319 2245 378 2274 ΒΜ
401 2242 587 2275 lectionem
614 2254 683 2274 non
707 2246 826 2274 nosset
849 2243 1022 2275 continuat
1045 2243 1197 2284 scripsit,
1227 2246 1266 2274 ut
1290 2243 1333 2274 de
1357 2242 1533 2274 contraria
1557 2245 1672 2274 terrae

125 2297 227 2337 parte
255 2294 480 2336 cogitaretur.
531 2294 609 2327 Seu.
635 2295 718 2326 dial.
746 2304 767 2326 v
796 2295 837 2327 36
864 2296 879 2326 l
899 2295 1055 2334 faciebat
1081 2295 1139 2326 hoc
1164 2294 1310 2331 Sextius,
1335 2298 1372 2325 ut
1399 2299 1670 2326 consummato

125 2346 150 2378 d
156 2346 200 2384 ie,
220 2356 296 2378 cum
311 2356 344 2378 se
359 2346 408 2377 ad
422 2351 625 2378 nocturnam
641 2346 782 2387 quietem
799 2346 986 2386 recepisset,
1005 2346 1230 2386 iuterroyaret
1246 2345 1400 2377 animum
1416 2356 1515 2377 suum
1602 2348 1670 2378 tau

125 2397 212 2429 Vrb.
232 2398 308 2436 668,
326 2399 412 2429 talis
427 2400 512 2429 (ΗΜ
598 2401 676 2436 lege
700 2401 768 2436 ΒΜ,
788 2401 890 2430 nocte
914 2397 986 2435 GL2',
1006 2397 1099 2429 unde
1122 2401 1217 2429 sorte
1241 2397 1434 2435 Bentleius,
1453 2397 1546 2428 sicut
1569 2405 1583 2428 1
1608 2398 1670 2430 110

126 2449 277 2481 habetur
293 2459 443 2490 quasque
460 2449 548 2481 uices
564 2454 677 2489 ayeret
694 2454 785 2481 certa
801 2449 869 2481 sub
886 2454 993 2481 sorte
1008 2449 1178 2487 notauit,
1200 2448 1260 2480 ubi
1277 2449 1361 2480 item
1378 2448 1445 2489 le9e
1462 2448 1540 2480 edd.
1561 2451 1666 2487 uett.,

125 2500 220 2543 quod
235 2499 330 2532 idem
345 2500 417 2532 fere
433 2501 551 2532 ualet:
577 2500 620 2532 de
645 2506 734 2532 nocte
757 2511 821 2542 pro
844 2506 931 2532 sorte
955 2501 1086 2542 scripto
1105 2500 1187 2532 uide
1208 2500 1253 2531 ad
1278 2509 1307 2531 11
1330 2500 1404 2531 222.
1454 2500 1518 2531 hoc
1537 2499 1668 2542 probo;

124 2562 238 2594 neque
254 2552 347 2583 enim
363 2552 399 2583 in
415 2555 489 2583 tam
505 2552 672 2594 expedita
696 2553 883 2594 scriptura,
902 2552 960 2584 sub
984 2553 1064 2593 leae,
1082 2563 1172 2594 quae
1195 2551 1303 2583 uerba
1327 2551 1458 2582 totiens
1481 2554 1668 2583 recurrunt

126 2605 170 2643 (11
189 2605 262 2642 111,
281 2603 354 2642 379,
374 2603 449 2642 642,
469 2612 514 2635 111
530 2604 606 2642 237,
625 2604 700 2642 390,
719 2605 794 2642 411,
813 2613 853 2635 1v
869 2605 944 2642 330,
963 2604 1053 2643 431),
1072 2603 1176 2634 facile
1192 2603 1377 2645 quisquam
1394 2602 1562 2634 haesurus
1578 2605 1666 2641 erat,

125 2654 255 2686 nedum
286 2659 378 2687 nocte
409 2656 646 2696 repositurus:
677 2655 745 2695 leye
770 2660 889 2686 autem
921 2666 984 2696 pro
1016 2655 1168 2686 absurdo
1193 2654 1253 2686 illo
1278 2659 1369 2686 nocte
1394 2653 1608 2685 substituere
1632 2654 1668 2685 in

125 2709 291 2748 promptu
309 2709 397 2745 erat,
415 2707 624 2748 praesertim
641 2707 670 2738 si
687 2707 743 2738 cui
765 2707 802 2737 in
818 2707 1019 2738 memoriam
1037 2706 1199 2738 rediisset
1215 2705 1270 2737 uel
1293 2714 1322 2737 11
1345 2706 1408 2737 642
1431 2705 1495 2737 tali
1517 2704 1576 2737 sub
1599 2706 1668 2746 Zeye

126 2757 184 2789 uel
196 2766 236 2789 IV
248 2758 312 2790 408
325 2758 388 2790 hac
402 2758 462 2789 tibi
475 2783 482 2789 .
500 2783 507 2790 .
525 2783 532 2790 .
549 2763 625 2790 sunt
638 2758 705 2798 leye
719 2758 862 2790 notandi
942 2757 1005 2789 959
1019 2767 1108 2796 quae
1122 2757 1315 2795 Bentleius,
1330 2766 1419 2795 quas
1430 2756 1512 2788 libri
1523 2759 1669 2799 propter

125 2809 217 2841 uires
304 2808 368 2840 960
383 2813 564 2848 astrorum,
582 2809 759 2851 signorum
775 2809 907 2841 zodiaci
991 2810 1084 2841 ducit
1101 2820 1121 2840 a
1137 2809 1278 2851 templis
1293 2809 1386 2850 leges
1401 2819 1521 2840 eorum
1537 2812 1566 2840 et
1582 2818 1667 2840 com-

125 2861 243 2893 modat
258 2860 328 2892 illis
343 2871 434 2900 suas,
450 2864 491 2893 ut
508 2872 540 2892 u.
557 2862 621 2893 859
637 2864 732 2893 astra
744 2861 917 2902 accipiunt
933 2861 1024 2893 uires
1036 2872 1056 2892 a
1069 2861 1163 2892 caelo
1177 2861 1331 2902 caeloque
1343 2861 1517 2892 remittunt
1604 2859 1666 2890 961

126 2912 251 2952 stellae,
268 2911 443 2955 planetae,
465 2912 508 2944 de
529 2923 676 2955 quorum
698 2923 759 2955 per
779 2913 912 2954 templa
933 2913 1182 2954 dispositorum
1205 2911 1387 2944 effectibus
1408 2911 1520 2943 multa
1541 2911 1668 2943 docent

865 2966 896 2994 H
910 2958 931 2994 2
