1931 3202
615 102 1097 146 ASTRONOMICON
1137 102 1186 144 II
1641 105 1665 144 3

305 213 549 269 ultimaque
571 214 617 254 in
638 214 784 269 patria
805 214 1032 269 captisque
1053 213 1289 269 penatibus
1309 228 1433 254 arma

305 302 379 329 ore
399 302 521 330 sacro
542 288 724 338 cecinit3
754 288 947 344 patriam
969 288 1071 344 quoi
1093 287 1225 329 turba
1245 290 1486 343 petentum,

305 361 411 403 dum
432 361 579 410 dabat,
601 362 776 418 eripuit,
798 362 1008 418 cuiusque
1029 377 1084 404 ex
1105 376 1179 403 ore
1200 361 1403 417 profusos

305 436 446 478 omnis
466 433 703 492 posteritas
724 436 876 478 latices
896 437 943 477 in
964 436 1160 478 carmina
1180 436 1311 478 duxit

207 521 248 552 10
307 525 566 566 amnemque
587 511 634 551 in
655 515 809 552 tenues
831 525 938 552 ausa
959 514 1025 552 est
1046 510 1258 552 deducere
1279 510 1398 552 riuos

307 585 439 626 unius
460 584 650 626 fecunda
670 585 807 626 bonis.
869 585 944 626 sed
965 585 1193 640 proximus
1214 585 1279 625 illi

308 659 528 701 Hesiodus
549 663 765 701 memorat
785 659 911 701 diuos
932 659 1172 720 diuumque
1193 659 1391 715 parentis

133 758 317 790 lustratum
338 768 403 800 pro
425 759 609 790 instratum
631 757 676 790 ad
700 757 790 790 Stat.
811 758 888 790 silu.
910 767 955 790 111
974 759 989 789 l
1012 759 1076 796 36;
1100 758 1127 790 ti
1147 761 1265 789 autem
1289 762 1325 789 et
1347 768 1370 789 η
1394 757 1535 789 litterae
1558 757 1594 789 in
1618 757 1672 789 his

133 809 234 841 libris
255 809 349 841 haud
372 820 451 841 raro
473 813 734 851 permutantur,
754 810 854 841 uelut
877 820 956 841 mox
981 820 1084 841 uersu
1108 810 1127 841 9
1143 809 1255 841 lances
1277 820 1340 851 pro
1362 809 1478 841 latices
1501 811 1560 847 GL,
1580 818 1594 840 1
1610 809 1673 843 207

134 865 243 893 terens
265 871 329 902 pro
352 860 463 893 teretis
483 864 529 900 M,
549 870 594 892 111
610 862 674 896 487
697 861 933 902 multiplicatis
956 872 1020 902 pro
1044 861 1277 901 multiplicans
1301 864 1325 892 L
1347 863 1382 892 et
1405 864 1447 892 ut
1469 860 1612 892 uidetur
1635 864 1671 897 G,

134 921 160 943 v
174 913 239 944 226
254 911 339 944 uitio
354 923 419 953 pro
434 912 515 944 uino
531 923 661 944 omnes.
710 923 822 954 neque
839 913 960 955 paucis
976 912 1061 944 locis
1077 924 1096 943 r
1112 916 1148 944 et
1165 917 1176 943 t
1193 912 1337 944 confusa
1358 915 1452 951 sunt,
1472 912 1576 943 huius
1592 911 1673 943 libri

134 963 294 995 uersibus
323 964 396 1002 117,
422 964 497 1002 339,
523 963 596 1001 756,
625 964 698 1002 824,
725 965 786 996 921
877 973 944 1002 que
968 973 1138 1002 pergama
1160 964 1286 995 eximie
1313 963 1493 995 Bentleius
1516 963 1561 995 ad
1585 963 1671 995 Hor.

135 1025 239 1047 carm.
260 1024 274 1047 1
295 1016 315 1047 6
332 1016 363 1054 7,
382 1024 445 1053 per
465 1018 608 1053 agmina
630 1015 721 1047 libri.
771 1026 833 1056 que
856 1015 989 1047 excidit
1010 1019 1177 1057 sequente
1196 1026 1250 1056 pe,
1274 1014 1567 1057 quemadmodum
1593 1015 1637 1046 in.
1650 1018 1676 1046 G

135 1077 241 1098 uersu
257 1067 338 1098 huic
359 1067 519 1108 proximo
540 1070 576 1098 et
598 1076 644 1098 111
665 1067 729 1099 449
751 1072 787 1098 et
809 1068 883 1106 616,
903 1067 939 1098 in
961 1070 1011 1098 GL
1031 1076 1056 1097 v
1076 1068 1151 1105 599,
1170 1067 1206 1098 in
1227 1070 1261 1098 M
1283 1076 1312 1098 11
1334 1067 1409 1105 832,
1433 1075 1474 1098 1v
1494 1067 1568 1105 482,
1589 1067 1675 1104 624;

135 1120 213 1150 tum
229 1129 271 1150 ex
283 1128 349 1159 per
364 1128 468 1159 gyama
483 1118 618 1150 factum
635 1121 688 1150 est
706 1129 771 1159 per
791 1120 906 1159 ayma,
925 1119 1017 1150 sicut
1039 1127 1052 1149 1
1069 1119 1129 1150 501
1153 1119 1190 1149 in
1206 1121 1239 1149 Μ
1256 1129 1320 1159 per
1340 1128 1480 1159 magma.
1527 1117 1676 1149 eundem

135 1169 297 1201 omnibus
321 1169 452 1201 litteris
473 1181 636 1208 errorem,
655 1170 803 1202 laudata
819 1180 886 1210 per
906 1170 1048 1209 arjmina
1068 1180 1132 1211 pro
1152 1170 1364 1210 laudataque
1388 1170 1574 1210 Peryama,
1602 1169 1676 1211 ipse

135 1221 318 1253 Bentleius
341 1221 478 1253 inuenit
499 1221 536 1252 in
557 1220 839 1263 Cantabrigiensi
860 1221 978 1253 codice
1001 1220 1120 1253 Ouidii
1141 1221 1325 1253 heroidum
1346 1230 1429 1252 XVII
1450 1222 1523 1253 205.
1573 1221 1677 1252 huius

135 1273 203 1304 loci
225 1283 357 1304 memor
380 1273 450 1304 fuit
473 1276 536 1304 aut
558 1272 721 1305 Valerius
744 1273 890 1304 Flaccus
913 1279 977 1304 aut
1000 1272 1164 1304 librarius
1187 1272 1316 1314 aliquis
1339 1273 1423 1314 Arg.
1447 1281 1492 1304 ΙΙΙ
1515 1273 1591 1310 513,
1616 1272 1677 1304 ubi

135 1324 271 1356 codices
288 1327 454 1366 corrupte
465 1324 611 1364 pulchro
622 1329 827 1356 reserantem
841 1324 1012 1365 Perqama
1026 1329 1131 1364 ponto
1149 1324 1258 1364 (pulso
1276 1348 1282 1355 .
1305 1348 1312 1355 .
1335 1347 1341 1354 .
1359 1329 1462 1364 ponto
1474 1323 1675 1362 Columbus,

132 1376 278 1417 pulchro
295 1401 302 1408 .
324 1400 331 1408 .
353 1400 360 1408 .
380 1380 493 1416 coepto
519 1375 766 1414 Burmannus).
816 1381 969 1408 ceterum
998 1375 1080 1407 uide
1109 1375 1210 1407 Ouid.
1242 1375 1313 1407 her.
1346 1384 1359 1406 1
1386 1376 1425 1407 51
1455 1375 1576 1408 diruta
1602 1380 1678 1407 sunt

136 1427 227 1466 aliis,
247 1427 308 1459 ‘uiti
323 1427 409 1459 mihi
425 1427 647 1469 (Penelopae)
665 1428 838 1467 Peryama
859 1432 999 1465 restant,
1018 1426 1146 1459 Tibull.
1167 1436 1197 1458 11
1218 1428 1238 1459 3
1254 1428 1296 1458 43
1317 1427 1449 1466 praeda
1471 1437 1560 1467 uasso
1581 1427 1679 1458 iussit

136 1478 308 1521 qeminare
324 1478 483 1519 pericula
504 1484 606 1517 ponto
695 1479 714 1509 6
737 1481 921 1516 captisque
944 1478 992 1517 ΣΡ,
1019 1481 1133 1517 captis
1157 1481 1193 1517 G,
1217 1481 1415 1516 capitisque
1438 1481 1506 1510 LM.
1556 1478 1674 1519 captis,

137 1541 224 1573 quos
246 1531 344 1572 proci
367 1533 580 1572 occuparant
667 1530 686 1561 7
710 1533 865 1568 patriam
889 1530 1172 1568 Bonincontrius,
1198 1532 1318 1568 patria
1342 1530 1423 1561 libri
1511 1532 1568 1561 cui
1593 1530 1677 1561 Gro-

137 1582 264 1614 nonius
285 1581 391 1613 diatr.
411 1592 444 1623 p.
471 1582 546 1620 365,
571 1591 660 1620 quae
677 1585 736 1620 GL,
763 1590 831 1619 que
852 1585 908 1619 M;
933 1581 1012 1622 quoi
1033 1581 1145 1612 forma
1166 1581 1356 1623 dispicitur
1376 1581 1482 1613 etiam
1503 1581 1568 1613 sub
1589 1582 1680 1622 quod

138 1643 169 1666 11
192 1635 256 1666 888
279 1636 315 1665 et
337 1644 403 1674 quo
431 1642 470 1664 1v
493 1634 557 1665 449
644 1636 752 1664 turba
774 1637 958 1671 petentum
967 1634 1000 1671 ὕ,
1026 1635 1107 1664 iura
1129 1636 1309 1671 petentem
1332 1632 1426 1670 libri,
1452 1632 1545 1664 idem
1570 1642 1614 1664 111
1637 1635 1679 1667 47

137 1685 296 1718 latentem
310 1695 374 1726 pro
389 1685 564 1716 talentum.
613 1685 812 1716 ciuitatium
830 1689 948 1716 uatem
961 1685 1027 1716 sibi
1044 1684 1302 1716 uindicantium
1319 1684 1512 1716 multitudo
1528 1685 1679 1726 patriam

140 1737 172 1769 ei
191 1737 355 1768 certatim
376 1736 564 1768 tribuendo
587 1737 741 1778 eripuit:
770 1745 810 1767 lv
825 1737 845 1768 3
862 1747 911 1778 sq.
932 1737 1013 1767 dum
1029 1736 1226 1776 quaerimus
1241 1746 1364 1767 aeuum
1384 1735 1388 1776 1
1405 1736 1596 1776 perdimus,
1616 1736 1680 1768 hoc

141 1793 195 1821 est
211 1788 414 1829 quaerendo,
433 1787 503 1820 Cic.
523 1798 587 1829 pro
608 1787 714 1819 Arch.
740 1789 779 1819 19
803 1788 991 1820 Homerum
1015 1787 1216 1828 Colophonii
1231 1788 1338 1819 ciuem
1354 1798 1418 1819 esse
1435 1788 1552 1819 dicunt
1568 1798 1677 1825 suum,

143 1840 220 1872 Chii
242 1850 341 1872 suum
367 1839 559 1878 uindicant,
585 1839 771 1871 Salamt'm'i
797 1844 995 1880 repetunt,
1017 1864 1023 1871 .
1044 1864 1051 1871 .
1073 1863 1080 1870 .
1102 1839 1154 1870 illi
1180 1839 1340 1877 alienum,
1368 1839 1451 1880 quia
1473 1844 1576 1880 poeta
1589 1839 1677 1879 suit,

140 1896 215 1933 post
241 1896 382 1923 mortem
408 1890 512 1923 etiam
538 1896 741 1931 expetunt,
774 1891 864 1923 Stat.
896 1891 972 1922 silu.
1004 1900 1028 1921 V
1053 1892 1073 1923 3
1100 1891 1163 1922 130
1187 1901 1236 1932 sq.
1268 1890 1477 1922 Maeoniden
1503 1890 1618 1922 aliae.
1640 1915 1647 1922 .
1669 1916 1676 1922 .

140 1942 221 1975 aliis
243 1942 415 1975 natalibus
440 1942 537 1974 urbes
556 1941 560 1984 Ι
582 1942 763 1983 diripiunt,
791 1947 933 1974 certam.
961 1942 1065 1974 Hom.
1093 1945 1129 1973 et
1156 1941 1240 1973 Hes.
1268 1942 1348 1973 circ.
1376 1942 1452 1973 init.
1475 1941 1618 1982 ’Όμηρον
1647 1943 1681 1973 δὲ

143 1996 247 2026 πᾶσαι
268 1996 314 2026 ὡσ
336 1995 437 2025 εἰπεῖν
459 1995 491 2025 αἱ
511 1995 626 2025 πόλεισ
650 1996 702 2025 καὶ
726 1996 753 2025 οἱ
776 1996 901 2025 ἄποικοι
925 1995 1028 2025 αὐτῶν
1053 1994 1127 2034 παρ’
1151 1995 1279 2025 ἐαυτοΐσ·
1299 1995 1496 2033 ’γεγενῆσθαι
1515 1995 1676 2033 λέγουσιν.

142 2046 353 2078 sententiam
371 2046 504 2086 primus
520 2045 678 2076 restituit
699 2045 882 2077 Bentleius
903 2046 1127 2086 argutissimo
1144 2056 1225 2076 sane
1247 2050 1442 2076 commento
1452 2044 1612 2085 patriam
1628 2045 1682 2076 cui

145 2097 303 2136 Graecia,
321 2102 446 2138 septem
465 2097 469 2137 Ι
490 2097 573 2128 dum
588 2097 704 2136 dabat,
724 2097 859 2137 eripuit.
908 2096 1002 2138 quod
1024 2100 1142 2128 autem
1163 2096 1268 2127 scribi
1289 2096 1415 2128 uolunt
1433 2101 1575 2128 auctore
1596 2096 1681 2128 Gro-

143 2149 249 2181 nouio
275 2148 412 2189 patriae
434 2148 490 2180 cui
512 2148 592 2180 iura
613 2148 740 2189 petenti
763 2149 946 2187 similiaue,
974 2152 1014 2179 ut
1041 2148 1086 2179 ad
1110 2148 1215 2179 dabat
1239 2151 1275 2179 et
1298 2147 1423 2188 eripuit
1445 2148 1683 2189 praecipiatur

144 2200 253 2233 omnis
274 2199 454 2241 posteritas
477 2211 519 2231 ex
542 2211 575 2232 u.
596 2201 626 2238 9,
646 2199 732 2241 quid
754 2200 819 2231 hoc
841 2204 906 2238 est,
930 2200 1067 2241 patriae
1088 2199 1165 2231 iura
1186 2200 1330 2240 petiisse
1353 2199 1557 2237 Homerum,
1582 2202 1617 2230 et
1638 2199 1682 2230 ab

145 2252 240 2284 omni
255 2251 467 2293 posteritate
485 2252 654 2293 petiisse?
743 2252 836 2283 inter
857 2251 876 2283 ’ἴ
901 2255 937 2283 et
958 2255 977 2283 8
998 2254 1115 2283 omnia
1135 2253 1356 2289 peruolitans
1377 2254 1422 2289 M,
1445 2251 1539 2292 quod
1561 2261 1682 2282 uersus

144 2305 186 2337 66
202 2303 345 2335 initium
361 2306 415 2334 est
503 2303 522 2333 8
545 2306 653 2335 dabat
674 2305 734 2342 GL,
754 2305 853 2335 dabit
874 2306 907 2334 M
995 2306 1157 2340 profusos
1177 2305 1211 2341 L,
1229 2305 1394 2340 profusus
1415 2306 1458 2339 Μ,
1479 2305 1642 2340 profusas
1658 2305 1684 2334 G

231 2354 393 2386 91atices
413 2365 501 2386 corr.
523 2365 614 2386 man.
639 2355 660 2385 2
681 2365 724 2386 ex
749 2357 871 2386 latites
896 2357 941 2393 M,
961 2357 1081 2385 lances
1105 2357 1164 2385 GL.
1213 2353 1329 2394 Apoll.
1355 2353 1426 2386 Sid.
1452 2364 1504 2395 ep.
1530 2362 1601 2384 vm
1623 2354 1642 2385 9
1664 2355 1684 2385 5

145 2417 203 2438 uu.
234 2407 299 2438 2-4
325 2405 409 2447 quid
435 2406 547 2438 doctos
575 2405 817 2437 Helieouz'dwn
843 2405 990 2446 liquore-s·
1014 2430 1020 2437 .
1049 2430 1056 2437 .
1086 2430 1092 2437 .
1120 2416 1209 2437 manc
1236 2404 1272 2436 in
1299 2405 1455 2436 carmina
1479 2415 1685 2437 commouere

146 2458 316 2498 temptas?
360 2457 515 2499 Scaliger
537 2457 728 2498 adscripsit
751 2456 853 2489 Ouid.
880 2467 987 2488 amor.
1013 2466 1058 2488 111
1077 2457 1097 2488 9
1120 2457 1162 2488 25
1186 2467 1235 2498 sq.
1259 2457 1473 2494 Maeoniden,
1497 2467 1520 2487 a
1541 2467 1606 2497 quo
1628 2467 1685 2488 ceu

137 2509 237 2550 fonte
261 2510 405 2550 peremti
426 2508 430 2550 Ι
449 2514 570 2540 uatum
605 2508 735 2540 Pieriis
766 2519 828 2539 ora
858 2508 1020 2548 risjantnr
1057 2508 1166 2548 aquis,
1205 2507 1282 2539 Ael.
1316 2518 1390 2539 uar.
1424 2508 1506 2539 hist.
1542 2517 1614 2539 XIII
1644 2508 1686 2539 22

146 2561 303 2592 Γαλάτων
327 2562 361 2591 δὲ
385 2561 400 2592 ὁ
423 2562 598 2600 ζωγράφοσ
622 2562 744 2601 ἔγραψε
767 2561 821 2591 τὸν
848 2562 907 2598 μὲν
927 2559 1070 2599 ’Όμηρον
1097 2560 1193 2590 αὐτὸν
1220 2561 1365 2597 ἐμοῦντα,
1396 2561 1474 2590 roilo·
1502 2560 1536 2590 δὲ
1563 2561 1686 2590 ἄλλουσ-

147 2613 287 2651 ποιητὰσ
309 2613 349 2642 τὰ
373 2613 575 2650 ἐμημεσμένα
599 2613 811 2652 ἀρυτομένουσ
901 2611 941 2641 10
964 2611 1123 2643 diducere
1147 2621 1190 2642 ne
1213 2611 1413 2642 conicerent
1436 2610 1686 2642 Marklandum

147 2667 184 2696 et
206 2663 407 2695 Bentleium
429 2663 615 2704 prohibere
638 2663 762 2694 debuit
785 2662 874 2694 illud
895 2667 1030 2694 tenues:
1062 2662 1159 2694 Seru.
1187 2662 1232 2693 ad
1255 2662 1360 2704 Verg.
1389 2661 1465 2694 buc.
1493 2671 1533 2693 VI
1558 2663 1578 2693 5
1603 2662 1687 2693 lana

149 2724 236 2756 quae
251 2714 432 2746 deducitur
447 2714 484 2745 in
504 2714 712 2753 tenuitatem,
732 2714 841 2745 Macr.
863 2714 935 2746 Sat.
961 2722 1000 2745 VI
1022 2715 1043 2745 4
1066 2714 1106 2745 12
1126 2714 1306 2745 deductum
1323 2724 1390 2754 pro
1412 2713 1504 2745 tenui
1525 2718 1553 2745 et
1574 2713 1688 2745 subtili

148 2767 316 2807 eleyauter
328 2765 479 2806 positum
494 2771 550 2797 est.
600 2765 681 2797 uide
697 2770 880 2807 praeterea
897 2765 988 2797 Plin.
1006 2765 1078 2796 n.h.
1100 2774 1146 2796 ΠΙ
1164 2766 1225 2797 119
1247 2765 1369 2796 Padus
1390 2789 1397 2796 .
1419 2789 1426 2796 .
1447 2789 1454 2796 .
1475 2765 1637 2797 deductus
1652 2765 1690 2796 in

141 2817 294 2859 flumina
309 2821 338 2848 et
353 2817 470 2858 fos-sas
486 2820 521 2848 et
537 2817 676 2859 Hageni
697 2817 846 2858 append.
867 2816 964 2849 Seru.
984 2827 1016 2858 p.
1037 2817 1101 2848 225
1122 2818 1143 2848 4
1165 2816 1222 2856 (ad
1245 2816 1350 2858 Verg.
1375 2826 1490 2858 georg.
1511 2825 1524 2847 1
1544 2818 1617 2855 114)
1635 2817 1688 2848 de-

149 2868 254 2908 ducit,
272 2867 310 2900 id
326 2873 372 2900 est
383 2893 391 2900 .
412 2892 419 2900 .
441 2893 448 2900 .
464 2868 601 2900 deriuat
691 2868 731 2898 12
746 2871 936 2906 diuumque
951 2870 1112 2907 parentis
1128 2871 1187 2906 GL,
1205 2870 1454 2906 dominumque
1471 2870 1626 2906 potentis
1641 2871 1685 2900 Μ.
