1931 3202
637 139 1122 185 ASTRONOMICON
1162 139 1211 182 II
1644 141 1698 181 83

328 253 677 296 dodecatemorio
699 253 867 295 fuerint
887 256 1085 308 spectare
1105 251 1300 300 decebit;

330 328 453 371 cuius
475 328 592 369 enim
614 327 743 369 stella
763 327 809 368 in
831 327 940 368 fines
961 326 1007 367 in
1029 326 1170 368 sidere
1193 339 1365 381 quoque

329 402 545 451 inciderit,
566 401 691 443 dabit
711 401 892 443 effectus
912 401 958 442 in
980 400 1151 442 uiribus
1171 400 1275 442 eius.

157 540 241 572 duce
256 539 404 580 yesseric,
437 541 711 581 comparentque
727 549 832 570 carm.
853 546 893 570 Iv
912 538 951 569 14
969 537 1052 572 17-9
1071 536 1275 577 spectandus
1292 561 1299 568 .
1321 561 1327 568 .
1350 560 1357 568 .
1377 534 1514 577 quantis
1528 534 1701 576 fatigaret

156 591 278 623 ruinis.
326 590 419 622 idem
446 590 639 622 Muellerus
666 600 745 622 cum
772 593 867 621 recte
895 589 1012 631 Priap.
1043 589 1085 620 68
1111 589 1151 621 31
1180 598 1230 630 sq.
1261 598 1325 630 pro
1352 598 1368 619 e
1395 586 1515 628 quibu-s
1541 590 1577 618 ut
1601 585 1703 618 scires

159 642 397 684 quicumque
418 641 587 673 ualentior
607 646 687 673 esset
708 641 713 682 l
733 641 814 673 haec
836 651 869 672 es
889 640 938 672 ad
959 645 1109 671 arrectos
1127 639 1232 671 uerba
1250 639 1362 671 locuta
1381 649 1501 679 procos
1516 641 1702 679 reponeret

159 695 218 735 qui
241 704 383 735 quoque,
406 693 604 725 sententiae
626 692 873 725 tantummodo
897 692 986 723 uitio
1012 691 1165 723 offensus
1191 695 1255 729 est,
1282 690 1524 722 soloecismum
1549 691 1701 731 praeter-

159 745 268 784 misit,
290 745 382 777 sicut
405 745 512 777 etiam
535 744 637 786 Prop.
659 753 672 776 Ι
698 745 739 776 10
762 745 801 776 19
822 754 872 786 sq.
895 743 1044 785 Cynthia
1067 753 1118 774 me
1140 742 1253 775 docuit
1276 752 1407 783 semper
1433 750 1703 782 quaecumque

158 797 305 838 petenda
324 796 328 837 Ι
350 806 501 837 quaeque
525 796 679 828 cauenda
694 796 824 836 forent,
850 795 911 827 ubi
934 805 1003 826 non
1028 794 1144 826 minus
1167 797 1262 825 recte
1289 793 1431 835 scripsit
1457 803 1544 834 quae
1570 791 1702 832 cuique,

161 858 240 880 cum
264 847 511 879 Rothsteinius
535 858 763 888 quaecumque
787 846 1082 888 interrogatiuum
1106 856 1141 877 se
1168 845 1357 877 defendere
1384 845 1549 886 opinetur
1575 843 1706 875 adlatis

161 908 207 931 111
223 900 263 931 21
281 900 302 931 5
318 910 382 941 sq.,
402 899 438 930 in
459 909 528 941 quo
549 898 624 930 loco
647 909 859 939 quacumque
882 898 1073 929 relatiuum
1092 900 1167 928 est:
1192 896 1308 928 omnia
1328 901 1404 928 sunt
1420 900 1586 936 temptata
1605 894 1701 933 mihi,

161 961 373 992 quacumque
383 950 513 991 fuqari
532 950 536 989 Ι
553 950 661 990 possit
687 950 805 989 (immo
824 952 949 990 posset)
962 960 976 987 ‚·
1002 954 1038 980 at
1060 959 1101 981 ex
1122 948 1213 980 omui
1234 959 1285 980 me
1305 947 1429 989 premit
1449 947 1504 979 ille
1525 947 1619 985 deus,
1640 946 1706 978 hoc

161 1005 216 1034 est
232 1012 344 1034 omues
359 1001 526 1043 temptaui
540 1001 701 1040 rationes,
721 1001 981 1042 quibuscumque
994 1000 1123 1041 fuqari
1136 1010 1231 1041 posse
1247 999 1441 1039 uidebatur,
1460 998 1586 1040 quibus
1603 998 1706 1039 plane

161 1053 291 1086 similia
318 1057 402 1086 sunt
428 1064 517 1095 quae
544 1053 597 1085 bis
624 1052 718 1095 apud
747 1053 950 1084 Lucretium
982 1052 1149 1094 leguntur
1175 1060 1200 1082 v
1230 1052 1291 1083 190
1318 1061 1367 1092 sq.
1399 1054 1435 1082 et
1461 1051 1526 1082 4⁶25
1550 1060 1599 1091 sq.
1632 1059 1706 1082 cou-

161 1110 320 1137 suerunt.
338 1129 345 1137 .
364 1130 371 1137 .
391 1105 505 1137 omnia
520 1109 749 1146 pertemptare
769 1103 773 1147 Ι
795 1114 1021 1144 quaecumque
1039 1103 1128 1134 iuter
1144 1113 1177 1134 se
1189 1107 1323 1143 possent
1337 1102 1477 1143 (possint
1495 1101 1577 1133 libri
1592 1102 1709 1143 priore

162 1157 251 1196 loco)
280 1167 458 1197 conqressa
487 1166 611 1188 creare.
676 1156 762 1198 quid
792 1155 886 1197 quod
912 1155 1081 1187 Heinsius
1108 1165 1226 1196 parem
1254 1154 1495 1186 soloecismum
1526 1154 1562 1185 in
1589 1152 1710 1185 Ouidii

162 1219 304 1240 uersum
323 1208 396 1240 her.
419 1217 492 1240 XIII
512 1209 555 1241 60
574 1208 699 1240 intulit
717 1213 753 1239 et
772 1207 934 1239 Bentleio
953 1206 1129 1248 probauit,
1149 1211 1178 1237 et
1199 1206 1351 1247 sequitur
1373 1205 1470 1246 requi
1488 1215 1574 1246 pars
1591 1209 1709 1245 quota·

164 1270 305 1301 cumque
320 1260 385 1299 sui,
404 1271 482 1291 cum
503 1260 538 1291 in
560 1259 660 1291 libris
681 1263 776 1291 recte
795 1262 887 1290 esset
906 1264 1009 1299 quota
1029 1260 1215 1299 quemque?
1260 1256 1321 1288 sed.
1344 1257 1433 1288 illud
1456 1257 1567 1298 magis
1589 1256 1707 1294 miror,

164 1312 259 1343 uiros
282 1312 451 1343 sermonis
474 1311 595 1343 Latini
619 1315 654 1342 et
678 1311 826 1342 Heinsio
850 1313 886 1342 et
909 1309 1071 1341 Bentleio
1099 1309 1284 1351 peritiores
1310 1308 1518 1340 Lambinum
1546 1311 1582 1339 et
1606 1317 1710 1349 quem

163 1367 259 1395 recte
271 1366 470 1395 monentem
483 1362 586 1394 modo
598 1362 797 1394 audiuimus
812 1361 1073 1393 Lachmannum
1086 1372 1154 1392 non
1168 1361 1321 1392 haesisse
1334 1360 1369 1391 in
1383 1360 1538 1391 Lucretii
1551 1358 1711 1391 uersibus

164 1423 205 1446 VI
229 1416 272 1446 84
294 1425 346 1456 sq.
369 1419 446 1446 suut
472 1419 682 1455 tempestates·
705 1418 735 1445 et
751 1414 908 1454 fulmina
931 1413 1029 1444 clara
1052 1412 1217 1448 canenda,
1239 1412 1243 1453 Ι
1265 1411 1349 1452 quid
1363 1411 1504 1452 faciant
1527 1415 1555 1442 et
1577 1421 1647 1452 qua
1670 1410 1711 1442 de

166 1476 271 1498 causa
299 1476 460 1506 cumque
479 1466 658 1506 ferantur,
685 1465 747 1507 qui
777 1465 873 1496 locus
904 1464 1026 1495 eodem
1057 1474 1126 1505 quo
1157 1463 1372 1495 Manilianus
1404 1462 1507 1494 modo
1537 1462 1712 1494 curandus

165 1517 320 1556 uidetur,
339 1521 381 1549 ut
396 1517 571 1549 scribatur
587 1527 749 1558 quaeque,
769 1517 835 1548 nisi
851 1516 944 1547 forte
967 1518 1126 1557 praestat
1142 1519 1271 1547 cuncta.
1321 1525 1402 1546 nam
1418 1514 1454 1546 in
1472 1514 1572 1546 Lucr.
1593 1522 1633 1545 IV
1649 1514 1714 1546 380

165 1579 216 1611 sq.
236 1579 329 1608 nam,
349 1579 556 1610 quocumque
579 1569 649 1600 loco
672 1568 714 1599 sit
737 1569 798 1600 lucc
820 1573 921 1608 atque
944 1567 1077 1604 umbra,
1097 1566 1186 1598 tueri
1207 1567 1211 1608 Ι
1231 1567 1369 1598 illorum
1385 1570 1430 1597 est
1452 1573 1488 1597 et
1508 1574 1546 1597 VI
1570 1566 1633 1600 738
1657 1575 1706 1607 sq.

165 1631 254 1653 nuuc
270 1631 344 1661 aye,
362 1619 507 1653 Auerna
526 1620 587 1652 tibi
607 1630 694 1661 quae
710 1620 776 1651 siut
800 1620 875 1651 loca
898 1629 1036 1659 cumque
1060 1619 1218 1659 lacusque
1241 1618 1244 1659 Ι
1265 1617 1447 1658 eaepediam
1463 1617 1561 1658 quali
1582 1622 1712 1649 natura

161 1673 330 1713 praedita
348 1677 494 1704 constent
516 1672 576 1703 illa
598 1682 663 1712 quo
685 1677 721 1703 et
745 1682 831 1712 quae
858 1670 1008 1702 relatiua
1036 1674 1119 1701 sunt
1207 1670 1409 1710 quandoque
1433 1673 1470 1700 et
1494 1668 1550 1700 hic
1573 1671 1610 1700 et
1638 1668 1712 1700 ubi-

167 1734 316 1766 cumque
351 1723 447 1765 apud
480 1723 668 1755 Manilium
699 1727 798 1754 extat
829 1733 937 1754 unum
968 1721 1178 1753 uocabulum
1212 1725 1278 1759 est,
1306 1722 1472 1759 ἑκάστοτε,
1505 1719 1714 1752 aduerbium

167 1775 335 1807 uidelicet
351 1775 473 1807 eadem
489 1776 625 1807 ratione
641 1785 710 1816 qua
727 1773 847 1815 ubique
866 1784 1005 1815 quaque
1024 1774 1138 1815 ipsum
1158 1774 1297 1813 quisque
1316 1782 1507 1814 pronomen
1523 1772 1713 1804 formatum

167 1827 399 1868 similiterque
415 1827 451 1858 in
467 1826 719 1858 distributione
735 1825 946 1863 adhibitum,
966 1828 1006 1856 ut
1023 1824 1116 1856 idem
1136 1824 1254 1856 ualeat
1272 1823 1367 1865 quod
1383 1824 1419 1855 in
1435 1822 1613 1856 Ciceronis
1629 1823 1714 1855 locis

167 1889 275 1920 supra
297 1879 427 1910 adlatis
450 1888 579 1919 quoque
603 1882 759 1918 tempore.
808 1877 952 1918 ponitur
975 1880 1106 1914 autem,
1130 1886 1272 1918 prorsus
1293 1877 1333 1907 ut
1357 1875 1494 1916 quisque
1518 1878 1555 1906 et
1578 1874 1713 1916 ubique,

169 1930 274 1962 modo
304 1941 383 1962 cum
413 1929 680 1971 interrogatiuo,
715 1938 760 1960 111
794 1930 855 1960 164
885 1939 984 1966 nuuc,
1019 1928 1139 1969 quibu-s
1169 1927 1331 1959 accedam
1361 1926 1467 1967 siquis
1496 1927 1712 1967 quaudoque,

167 1981 359 2014 canendum
390 1986 446 2020 est,
475 1982 539 2013 296
570 1981 642 2012 iam
660 1980 770 2021 facile
797 1985 842 2011 est
874 1979 945 2017 tibi,
976 1980 1067 2020 quod
1097 1979 1299 2019 quaudoque
1326 1978 1520 2018 horoscopet
1546 1977 1713 2020 astrum,}

169 2043 313 2072 noscere,
346 2034 410 2065 560
440 2043 490 2074 sq.
524 2032 635 2070 docui,
664 2042 730 2072 per
759 2031 895 2072 siuyula
925 2036 1091 2071 tempora,
1124 2032 1215 2061 uitae
1236 2030 1241 2071 1
1261 2030 1352 2070 quod
1381 2030 1583 2071 quaudoque
1613 2039 1717 2070 qenus

171 2084 299 2123 ueniat,
318 2084 389 2117 Cic.
410 2084 453 2116 de
469 2095 518 2116 or.
538 2092 583 2115 111
604 2084 668 2115 212
686 2083 781 2122 scire,
802 2083 887 2124 quid
905 2083 1108 2123 quandoque
1130 2082 1256 2120 deceat,
1274 2081 1482 2122 prudentiae
1500 2082 1592 2120 (est),
1613 2080 1717 2113 modo

171 2146 251 2168 cum
276 2136 439 2174 relatiuo,
467 2135 562 2167 Man.
592 2144 637 2166 111
665 2135 730 2166 483
756 2145 805 2176 sq.
832 2145 973 2166 uasceus
990 2159 997 2166 .
1019 2159 1026 2166 .
1048 2159 1055 2166 .
1075 2139 1218 2172 astrum,
1241 2133 1246 2173 Ι
1267 2133 1358 2174 quod
1385 2132 1588 2173 quaudoque
1613 2132 1716 2164 uadis

172 2187 331 2219 emissum
353 2187 513 2219 redditur
532 2186 617 2225 orbi,
637 2196 649 2218 1
670 2187 731 2218 Sll
753 2196 804 2227 sq.
824 2196 946 2226 corpus
962 2210 969 2218 .
992 2210 999 2217 .
1021 2210 1028 2217 .
1047 2196 1109 2225 per
1132 2195 1227 2216 omue
1248 2187 1251 2224 Ι
1272 2184 1443 2225 quidquid
1464 2184 1584 2225 ubique
1608 2183 1717 2216 nitens

172 2240 238 2279 (ita
253 2249 346 2270 nunc
361 2238 475 2270 scribo
489 2249 554 2280 pro
569 2238 665 2277 nitet)
682 2237 795 2278 πέρθαι
812 2237 1051 2277 (subiunctiuo
1068 2236 1142 2278 pari
1159 2235 1361 2268 condicione
1379 2236 1547 2267 Manilius
1563 2246 1646 2268 usus
1663 2238 1718 2268 est

173 2299 203 2322 11
219 2292 295 2329 814,
314 2299 355 2322 IV
370 2291 446 2329 249)
464 2290 677 2331 quandoque,
695 2289 885 2321 notandum
900 2293 958 2327 est,
977 2289 1053 2320 Liu.
1074 2296 1194 2319 XXXIV
1210 2289 1252 2320 56
1271 2288 1310 2319 13
1326 2287 1379 2319 uti
1394 2287 1435 2319 L.
1454 2287 1630 2320 Cornelius
1647 2311 1654 2319 .
1675 2311 1682 2319 .
1704 2311 1712 2319 .

172 2341 296 2374 milites
320 2341 500 2374 scriberet.
523 2366 530 2373 .
552 2365 559 2373 .
579 2340 838 2382 dimittendique
862 2340 902 2378 ei,
929 2351 1012 2381 quos
1038 2350 1154 2371 eorum
1180 2339 1384 2380 quaudoque
1408 2339 1516 2377 uellet,
1543 2338 1597 2370 ius
1623 2343 1713 2371 esset.

172 2393 268 2436 quod
295 2404 373 2425 cum
404 2392 558 2434 Scaliger
588 2393 689 2434 quasi
715 2403 778 2434 per
804 2391 967 2423 nebulam
995 2391 1143 2423 uidisset
1169 2397 1206 2422 et
1232 2390 1339 2422 semel
1365 2394 1472 2432 atque
1498 2391 1627 2422 iterum
1653 2390 1719 2422 hoc

172 2445 376 2486 quaudoque
411 2447 419 2461 ‘
433 2444 684 2476 Manilianum'
715 2454 789 2475 esse
823 2443 981 2481 dixisset,
1014 2453 1178 2484 peruerse
1215 2441 1365 2474 obnixus
1398 2441 1554 2473 Huetius
1591 2442 1717 2473 ceteris

173 2496 328 2539 quinque
351 2495 436 2527 locis
459 2500 488 2527 et
512 2496 650 2536 quaudo
672 2494 862 2537 significari
884 2494 1078 2532 contendit,
1100 2493 1203 2535 plane
1223 2494 1299 2535 pari
1321 2493 1396 2525 iure
1417 2503 1457 2525 ac
1476 2493 1506 2525 si
1526 2493 1605 2535 quis
1626 2493 1712 2525 Hor.

175 2558 280 2581 carm.
305 2556 335 2579 11
361 2549 400 2580 13
425 2548 465 2580 13
489 2547 575 2588 quid
599 2547 739 2588 quisque
764 2546 846 2577 uitet
871 2556 933 2587 pro
958 2546 1043 2587 quid
1067 2550 1097 2577 et
1122 2545 1197 2586 quis
1219 2545 1302 2576 uitet
1324 2544 1435 2586 accipi
1458 2544 1601 2577 iubeat:
1633 2555 1715 2584 uno,

174 2609 220 2631 111
244 2600 320 2638 484,
345 2599 524 2630 obmutuit
611 2597 674 2629 746
697 2600 1028 2630 duodecathemorio
1053 2595 1127 2635 (ΗΡ,
1154 2598 1360 2628 duodecima
1383 2599 1531 2628 temorio
1555 2599 1590 2627 M
1614 2599 1650 2627 et
1676 2599 1719 2628 ut

173 2651 317 2683 uidetur
331 2646 355 2682 L
432 2652 565 2682 fuerint
579 2652 616 2688 G,
630 2652 774 2681 fluerint
784 2652 842 2680 ΒΜ
923 2648 986 2680 747
1003 2651 1110 2680 stella
1122 2648 1315 2686 Bentleius,
1331 2650 1456 2679 stellae
1468 2647 1560 2686 libri,
1575 2647 1718 2679 elisione

175 2702 270 2744 apud
291 2701 478 2734 Manilium
501 2701 691 2739 rarissima,
711 2700 754 2732 de
773 2711 842 2742 qua
864 2700 938 2732 dixi
957 2700 1002 2731 ad
1024 2709 1037 2731 1
1058 2700 1123 2732 323
1212 2703 1298 2731 fines
1319 2701 1358 2731 in
1374 2699 1540 2740 Scaliger,
1558 2702 1626 2731 fine
1643 2702 1719 2731 sint

175 2754 268 2793 libri,
287 2754 348 2795 qui
367 2763 463 2785 error
481 2753 598 2785 effecit
619 2758 660 2784 ut
681 2756 718 2784 et
739 2752 835 2784 stella
854 2755 891 2784 et
912 2751 1069 2783 inciderit
1091 2762 1133 2783 ex
1152 2750 1390 2793 singularibus
1409 2750 1533 2782 fierent
1554 2750 1715 2792 pluralia..

174 2805 298 2837 finium
321 2815 446 2836 nomen
469 2807 506 2836 et
529 2804 586 2836 hic
609 2807 646 2836 et
669 2814 702 2835 u.
730 2805 794 2836 689
816 2803 1090 2835 dodecatemorii
1113 2802 1285 2835 ambitum
1308 2802 1496 2844 significat,
1522 2812 1601 2833 cum
1623 2801 1720 2844 apud

174 2857 367 2889 Firmicum
388 2864 418 2887 ΙΙ
439 2857 459 2888 6
481 2858 517 2888 et
539 2855 625 2887 alibi
647 2865 711 2896 pro
732 2854 946 2887 Graecorum
967 2855 1067 2895 ὁρίοισ-
1088 2858 1252 2896 ponatur,
1274 2864 1363 2895 quae
1387 2853 1556 2885 Manilius
1579 2853 1720 2895 ignorat

261 2906 325 2939 748
348 2909 514 2939 inciderit
538 2906 730 2944 Bentleius,
758 2908 948 2938 inciderint
973 2905 1054 2937 libri
1152 2904 1189 2937 in
1215 2905 1348 2937 uiribus
1375 2904 1456 2943 eius,
1485 2904 1560 2936 eius
1587 2904 1721 2937 uiribus
