1931 3202
244 1804 292 1843 1¹2

348 1001 656 1051 Gemblaeensis,
684 1002 956 1042 Bruxellensis
989 1005 1130 1051 10012,
1157 1017 1254 1043 saec.
1281 1013 1340 1042 ΧΙ.
1399 1016 1495 1042 usus
1524 1016 1613 1042 sum
1643 1008 1684 1043 et
1711 1002 1786 1042 col-

349 1066 498 1106 latione
524 1081 547 1106 a
573 1067 617 1106 P.
639 1067 854 1107 Thomasio
880 1080 986 1107 anno
1015 1070 1118 1107 1888
1146 1068 1255 1107 edita
1281 1073 1323 1108 et
1349 1082 1394 1107 ea
1419 1082 1540 1120 quam
1565 1067 1786 1108 Bechertus

347 1132 388 1169 in
421 1136 617 1183 apparatu
651 1133 860 1181 exhibuit3
902 1146 1004 1184 quae
1033 1133 1179 1185 quibus
1211 1134 1253 1172 in
1283 1133 1465 1172 uersibus
1493 1133 1784 1185 discrepabant,

354 1198 441 1245 295,
466 1199 554 1246 308,
579 1198 667 1246 387,
691 1199 780 1246 816,
804 1199 892 1246 863,
917 1200 1005 1246 868,
1030 1200 1120 1245 880,
1143 1200 1232 1247 969,
1258 1198 1532 1238 dubitationes
1559 1212 1667 1238 meas
1692 1198 1786 1238 inde

349 1267 463 1301 natas
500 1263 694 1302 beneuole
733 1263 898 1302 sustulit
936 1263 967 1303 I.
1004 1277 1082 1303 van
1120 1264 1199 1303 den
1238 1263 1396 1316 Gheyn,
1432 1264 1627 1303 librorum
1665 1277 1785 1303 manu

349 1328 588 1379 scriptorum
609 1328 931 1368 Bruxellensium
951 1333 1084 1368 custos

353 1435 570 1487 Lipsiensis
589 1437 703 1484 1465,
722 1449 820 1476 saec.
838 1446 898 1475 XI.
956 1441 1089 1476 totum
1105 1436 1280 1476 codicem
1297 1437 1612 1490 photographioe
1632 1450 1789 1489 expres-

350 1514 438 1539 sum
475 1514 596 1552 penes
634 1514 698 1540 me
736 1501 873 1540 habeo.
946 1515 1026 1553 quo
1063 1502 1105 1541 in
1144 1502 1386 1541 conferendo
1423 1502 1676 1550 Bechertum‚
1713 1502 1789 1541 etsi

350 1566 479 1605 multo
506 1573 547 1606 et
571 1566 688 1619 plura
714 1571 756 1606 et
780 1567 968 1620 grauiora
993 1581 1113 1618 quam
1139 1581 1212 1620 par
1241 1573 1328 1607 erat
1356 1568 1502 1616 omisit,
1533 1581 1624 1607 raro
1652 1572 1788 1607 tamen

351 1631 450 1670 falsa
475 1636 670 1671 testatum
696 1632 969 1684 deprehendi,
998 1632 1180 1672 Breitero
1206 1646 1336 1685 neque
1362 1633 1413 1672 de
1439 1633 1514 1673 hoc
1536 1632 1639 1672 libro
1659 1646 1789 1684 neque

352 1696 433 1735 ulla
451 1697 529 1735 alia
547 1697 597 1736 de
617 1711 660 1736 re
680 1697 923 1737 credendum
945 1702 1006 1737 est

353 1804 532 1844 eiusdem
551 1810 752 1845 corrector
771 1819 851 1845 non
871 1805 1000 1845 multo
1020 1806 1152 1844 minus
1172 1806 1363 1857 antiquus

351 1911 603 1952 Matritensis
632 1912 677 1951 M
695 1915 756 1961 31,
779 1913 951 1965 scriptus
977 1913 1080 1953 circa
1105 1927 1167 1952 an.
1197 1913 1310 1953 1417.
1370 1927 1471 1965 quae
1500 1913 1618 1952 huius
1644 1913 1791 1953 codicis

352 1978 520 2030 paginae
540 1977 754 2017 Manilium
774 1979 994 2027 continent,
1013 1992 1149 2018 earum
1168 1985 1216 2018 ut
1235 1978 1514 2031 photographa
1532 1979 1631 2017 mihi
1651 1992 1791 2030 parare

352 2056 508 2095 possem
534 2048 617 2082 tres
643 2044 720 2082 uiri
746 2044 901 2083 strenui
928 2050 969 2083 et
994 2044 1108 2083 amici
1139 2044 1352 2084 coniuncta
1378 2057 1499 2095 opera
1523 2044 1789 2096 perfecerunt,

354 2108 485 2147 Grant
503 2108 711 2157 Richards,
733 2109 873 2149 Ericus
894 2108 1116 2162 Maclagan,
1134 2108 1321 2148 dominus
1342 2108 1567 2149 Gulielmus
1586 2109 1637 2149 de
1657 2108 1789 2148 Osma.

354 2173 461 2213 unde
481 2187 621 2213 uerum
644 2187 727 2213 esse
747 2174 922 2226 comperi
938 2174 1046 2226 quod
1065 2187 1171 2213 anno
1194 2175 1296 2213 1903
1313 2175 1569 2223 conieceiam,
1588 2188 1638 2214 ex
1653 2174 1793 2213 Matri-

355 2239 459 2277 tensi
480 2243 589 2278 ortos
610 2253 694 2278 esse
714 2252 814 2290 quos
833 2240 875 2278 in
895 2239 986 2278 libri
1003 2249 1017 2277 Ι
1034 2239 1210 2278 editione
1225 2239 1391 2278 adhibui
1407 2239 1561 2279 codices
1575 2239 1793 2278 Vrbinates

357 2304 432 2343 667
461 2308 502 2343 et
529 2306 618 2343 668.
676 2318 806 2355 neque
833 2304 949 2343 aliter
975 2304 1235 2343 iudicandum
1262 2310 1323 2344 est
1348 2304 1398 2343 de
1425 2318 1471 2343 ea
1498 2303 1684 2343 Vossiani
1715 2306 1793 2343 390

355 2374 469 2421 parte
495 2383 597 2420 quae
623 2383 647 2408 a
672 2383 791 2409 uersu
819 2370 978 2409 circiter
1006 2371 1082 2409 665
1109 2369 1201 2409 libri
1228 2379 1260 2408 ΙΙ
1288 2383 1414 2421 usque
1441 2369 1493 2408 ad
1512 2370 1633 2409 finem
1653 2369 1744 2408 libri
1764 2379 1793 2408 V

355 2435 556 2486 pertinet3
599 2435 661 2474 cui
691 2435 869 2486 opinioni
898 2449 921 2473 a
950 2434 1131 2474 Breitero
1160 2435 1238 2473 iam
1268 2448 1373 2474 anno
1410 2436 1512 2474 1893
1548 2435 1793 2487 significatae

356 2513 457 2550 quae
477 2500 635 2539 obstare
661 2499 906 2539 uidebantur
931 2499 1187 2539 difficultates
1213 2513 1419 2539 remouere
1445 2504 1611 2539 conatus
1637 2513 1723 2539 sum
1751 2500 1792 2538 in

356 2563 542 2603 Classical
562 2563 780 2616 Quarterly
799 2565 893 2604 anni
917 2566 1018 2604 1907
1039 2578 1105 2616 pp.
1125 2566 1278 2604 290-8:
1310 2577 1416 2604 nunc
1436 2565 1564 2604 omnis
1580 2564 1793 2604 dubitandi

357 2642 473 2668 causa
493 2629 650 2668 sublata
669 2634 731 2668 est

360 2736 524 2775 editoris
558 2737 818 2785 coniecturae,
855 2750 1041 2789 magnam
1075 2744 1230 2789 partem
1264 2749 1369 2776 anno
1405 2738 1507 2776 1903
1541 2736 1719 2788 prolatae
1752 2736 1793 2774 in

359 2800 449 2839 libri
470 2811 483 2839 Ι
506 2801 681 2840 editione
702 2815 766 2853 pp.
791 2803 923 2840 84-90
