1931 3202
248 133 328 172 108
844 128 905 170 M.
938 127 1188 170 MANILII

416 251 493 293 per
519 251 630 291 quae
655 237 850 278 humana
874 236 1000 291 regit.
1060 235 1239 291 propria
1259 238 1326 277 est
1346 235 1452 278 haec
1472 235 1646 277 reddita
1667 236 1782 292 parti

293 319 356 351 925
416 311 494 359 uis,
518 315 567 352 ut
588 310 775 352 conubia
796 313 841 352 et
862 310 1080 351 thalamos
1101 309 1338 365 taedasque
1359 309 1598 365 gubernet:

415 385 522 426 haec
543 384 685 426 tutela
705 383 829 425 decet
852 383 1079 432 Venerem,
1100 397 1180 424 sua
1200 383 1290 425 tela
1310 398 1496 425 mouere.

415 473 573 499 nomen
595 458 680 499 erit
701 457 900 499 Fortuna
921 457 1026 506 loco,
1048 457 1164 512 quod
1186 457 1358 513 percipe
1381 460 1539 506 mente,

414 535 465 573 ut
486 532 638 574 breuia
659 531 704 572 in
726 531 856 587 longo
877 530 1120 587 conpendia
1141 531 1333 572 carmine
1354 535 1585 587 praestem.

414 609 472 655 at,
493 620 581 661 qua
601 605 791 647 subsidit,
811 619 1021 646 conuerso
1042 604 1220 646 cardine
1240 604 1432 646 mundus

291 689 355 721 930
414 679 705 721 fundamenta
724 683 890 728 tenens,
911 693 1115 721 auersum
1138 683 1182 721 et
1202 679 1387 735 suspicit
1408 679 1556 721 orbem

240 827 356 867 templi
382 826 460 865 (boc
486 831 541 858 est
566 825 667 865 caeli)
690 830 809 866 partes
835 831 999 867 quattuor
1023 825 1198 864 dicuntur,
1218 850 1225 858 .
1247 850 1254 858 .
1275 851 1282 858 .
1303 825 1444 858 antica
1473 826 1528 858 ad
1558 826 1779 864 meridiem,

235 878 368 920 postica
390 878 437 910 ad
457 877 736 918 septemtrionem,
755 877 848 909 unde
870 877 976 909 etiam
1000 877 1129 909 C.G.L.
1150 886 1179 909 11
1204 878 1242 911 17
1266 879 1285 912 7
1309 877 1426 909 antica
1448 879 1632 918 μεσημβρία
1719 877 1784 908 924

239 939 303 968 per
327 938 417 968 quae
443 929 518 961 cod.
546 928 654 967 Flor.,
679 937 811 967 perque
835 931 919 960 ΘΒΜ
1008 928 1161 960 humana
1187 939 1266 960 cum
1291 929 1461 971 Pingraeo
1488 929 1702 971 interpretor
1728 939 1783 961 res

241 981 432 1019 humunas3
470 980 588 1021 Fayus
618 990 661 1011 cx
686 990 789 1011 uersu
821 979 998 1021 superiore
1029 990 1093 1011 ora
1122 979 1239 1012 audiri
1269 980 1396 1019 uoluit,
1425 979 1486 1012 sed
1517 980 1578 1022 qui
1609 982 1782 1021 πρόσωπον

240 1033 431 1064 humanum
447 1031 596 1063 Veneris
612 1031 842 1063 dominationi
858 1031 1054 1073 adsignarit
1073 1042 1141 1062 non
1162 1032 1245 1063 noui
1264 1035 1404 1073 praeter
1418 1031 1518 1063 Vett.
1538 1031 1618 1063 Val.
1638 1042 1672 1073 p.
1689 1032 1710 1064 3
1725 1032 1779 1070 31,

241 1084 409 1116 Manilius
431 1086 550 1115 autem
573 1083 682 1114 istum
705 1082 832 1122 locum,
851 1082 910 1124 qui
932 1087 987 1114 est
1006 1082 1049 1114 de
1069 1082 1232 1124 partibus
1251 1083 1406 1124 corporis
1425 1083 1517 1115 inter
1536 1082 1698 1125 planetas
1714 1082 1782 1115 dis-

240 1135 396 1173 tributis,
426 1145 495 1166 non
525 1134 648 1176 attigit
736 1137 822 1166 haec
852 1137 898 1173 M,
927 1137 993 1166 hac
1023 1137 1073 1166 GL
1160 1136 1300 1166 reddita
1329 1133 1403 1173 (ΗΡ,
1427 1136 1544 1166 redita
1573 1137 1631 1166 Lm
1719 1134 1782 1165 925

240 1190 282 1219 ut
297 1211 305 1218 .
326 1211 334 1218 .
355 1211 363 1218 .
382 1189 555 1225 gubernet
571 1185 725 1227 Scaliger
744 1188 912 1227 sequente
929 1188 969 1217 ut
986 1196 1049 1227 par
1067 1189 1144 1217 erat
1160 1185 1333 1223 BentleiO,
1352 1189 1389 1217 et
1406 1210 1413 1217 .
1434 1210 1442 1218 .
1463 1210 1471 1218 .
1490 1189 1668 1224 gubernat
1686 1185 1776 1217 libri.

240 1238 301 1270 illo
323 1237 438 1276 modo,
461 1237 542 1269 haec
563 1236 628 1275 uis,
649 1241 685 1268 uc
705 1236 873 1277 qubernet,
898 1236 1132 1278 loquebantur
1156 1236 1294 1269 Latini:
1323 1236 1551 1269 barbarorum
1574 1240 1640 1275 est,
1663 1236 1783 1269 Iacobi

241 1289 405 1321 Becherti
436 1288 598 1327 Breiteri,
631 1298 707 1319 eam
738 1288 951 1319 sententiam
982 1288 1031 1319 sic
1059 1287 1192 1327 efferre,
1221 1287 1303 1320 haec
1327 1288 1409 1321 uis:
1438 1288 1615 1328 qubernat.
1660 1288 1782 1320 eodem

240 1351 357 1373 errore
376 1349 405 1372 11
425 1340 490 1375 770
507 1351 558 1382 sq.
581 1344 610 1371 et
627 1363 635 1372 .
656 1363 663 1371 .
685 1363 693 1371 .
712 1344 919 1372 reuocancur
938 1338 1021 1371 libri
1040 1349 1104 1381 pro
1123 1343 1160 1370 ut
1176 1364 1183 1371 .
1206 1364 1213 1371 .
1235 1363 1242 1372 .
1262 1344 1461 1371 reuocentur
1547 1342 1696 1371 conubia
1719 1342 1778 1378 GL,

240 1394 405 1430 coniugia
430 1395 474 1430 M,
501 1390 596 1433 quod
623 1391 738 1423 minus
765 1391 919 1423 usitatae
946 1391 1043 1422 uocis
1070 1390 1242 1432 glossema
1264 1395 1339 1423 est:
1368 1391 1419 1423 ita
1442 1390 1571 1423 C.G.L.
1594 1400 1635 1423 lv
1659 1391 1701 1423 36
1730 1391 1779 1429 13,

239 1444 303 1478 497
326 1444 380 1483 27,
406 1452 431 1475 V
453 1444 518 1476 280
541 1444 561 1475 5
585 1441 762 1475 conubium
790 1442 995 1482 coninyium,
1020 1451 1061 1474 1v
1083 1442 1148 1474 222
1173 1443 1213 1474 16
1235 1442 1377 1474 conubia
1403 1442 1563 1482 coniuqia
1650 1441 1694 1474 de
1718 1442 1782 1474 hoc

241 1495 373 1537 templo
397 1494 494 1527 Paul.
510 1493 612 1526 Alex.
629 1493 663 1526 N
685 1495 791 1534 ’γάμου
808 1518 815 1525 .
837 1518 844 1525 .
863 1518 870 1526 .
891 1495 1067 1532 δηλωτικὸν
1091 1495 1306 1532 καθέστηκενε
1340 1494 1600 1526 matrimonium
1624 1493 1782 1535 plerique

241 1548 390 1589 septimo
411 1545 611 1588 adsignant,
630 1545 722 1578 sicut
743 1546 817 1587 ipse
838 1545 1006 1577 Manilius
1030 1554 1060 1577 11
1083 1546 1146 1577 839
1168 1545 1203 1577 in
1224 1556 1265 1576 ea.
1285 1545 1367 1577 sede
1387 1546 1502 1587 posito
1519 1545 1675 1583 cardini;
1699 1545 1781 1577 huie

240 1599 374 1630 decimo
397 1597 473 1629 loco
495 1608 536 1629 ea
558 1597 667 1629 tribui
691 1597 806 1628 solent
828 1607 917 1638 quae
940 1596 1110 1628 Manilius
1133 1605 1163 1628 11
1186 1597 1293 1629 812-9
1318 1607 1454 1628 summo
1480 1596 1616 1628 cardini
1640 1596 1779 1636 tribuit,

239 1650 351 1692 gloria
366 1652 403 1681 et
418 1649 566 1681 honores
653 1647 718 1680 926
730 1651 838 1689 [decet
854 1648 930 1680 cod.
951 1648 977 1679 F
980 1648 1059 1686 lor„
1074 1651 1176 1681 docet
1191 1651 1285 1687 GLM,
1304 1659 1453 1690 quorum
1469 1652 1587 1680 utrum
1605 1647 1782 1690 scaligero

239 1701 398 1733 Bentleio
420 1700 602 1742 Pingran,
620 1703 741 1732 utrum
757 1699 885 1732 Iacobo
904 1699 1076 1731 Becherto
1100 1699 1259 1731 Breitero
1281 1699 1468 1741 placuerit,
1486 1700 1555 1731 iam
1578 1710 1648 1731 non
1672 1700 1782 1741 magis

239 1752 388 1785 docendi
403 1755 486 1784 sunt
502 1752 651 1783 lectores
667 1761 771 1793 quam
788 1750 910 1783 Venus
929 1761 992 1783 sua
1011 1751 1082 1783 tela
1104 1761 1244 1782 mouere
1265 1750 1422 1783 docenda
1442 1753 1528 1783 erat.
1574 1760 1604 1782 11
1620 1752 1684 1783 813
1700 1751 1781 1783 haec

240 1805 344 1836 tutela
373 1804 463 1835 decet
484 1803 638 1844 fasciyia
670 1813 804 1834 summa
893 1802 956 1834 927
988 1805 1081 1840 quod.
1097 1827 1104 1834 .
1126 1827 1133 1834 .
1156 1827 1163 1834 .
1182 1805 1300 1834 mente
1330 1801 1404 1834 cod.
1439 1802 1592 1841 Monac.‚
1626 1811 1695 1841 quo
1712 1827 1719 1834 .
1740 1827 1748 1834 .
1769 1827 1776 1834 .

239 1859 393 1888 mentem
417 1858 513 1893 ΘΒΜ,
542 1854 636 1896 quod
659 1854 721 1896 qui
747 1857 902 1892 seruant,
932 1854 1061 1895 partim
1088 1854 1207 1895 inepte
1234 1858 1376 1886 mentem
1402 1864 1465 1895 pro
1490 1859 1615 1895 poetae
1638 1853 1782 1885 consilio

239 1907 427 1949 accipiunt,
462 1906 592 1948 partim
624 1905 751 1937 uitiose
781 1916 845 1947 pro
875 1905 1016 1947 ingenio
1049 1905 1117 1937 loci
1147 1916 1187 1937 ac
1217 1907 1354 1936 natura.
1410 1905 1496 1946 quid
1526 1904 1666 1937 dicatur
1695 1905 1782 1937 satis

239 1958 431 1990 ostendunt
447 1968 505 1990 uu.
525 1958 688 1996 898-900,
700 1956 797 1989 inani
813 1960 849 1988 et
866 1957 934 1998 ipsi
950 1956 1137 1988 uerborum
1155 1956 1273 1988 sonitu
1290 1957 1442 1997 insignes
1518 1955 1582 1987 928
1603 1959 1782 1994 praestem

239 2010 405 2052 Scaliger,
438 2011 623 2048 praestent
652 2011 748 2047 GLM,
782 2008 876 2050 quod
903 2019 1003 2049 quae
1029 2008 1169 2048 percipe
1200 2008 1358 2050 requirit,
1392 2011 1552 2046 praestet
1581 2007 1656 2040 cod.
1686 2007 1777 2040 Flor.

238 2061 387 2093 fortasse
416 2066 521 2093 recte.
585 2060 753 2092 traditam
784 2060 994 2102 scripturam
1027 2060 1183 2092 retinent
1213 2059 1361 2091 Iacobus
1391 2063 1427 2091 et
1457 2059 1662 2098 Bechertus,
1695 2069 1782 2101 quos

239 2113 450 2155 praecedens
481 2111 585 2143 duxit
616 2111 787 2143 sectarius
817 2121 947 2143 ueruex
978 2110 1167 2144 Stoeberus
1200 2111 1252 2142 ita
1290 2111 1557 2153 interpretatus,
1593 2113 1654 2142 ‘ut
1691 2121 1779 2142 com-

238 2164 421 2206 pendiaria
465 2162 614 2196 docendi
658 2163 749 2195 ratio
787 2166 954 2204 praestet,
994 2162 1050 2194 i.e.
1092 2162 1283 2204 praecellat
1327 2162 1384 2193 uel
1428 2162 1608 2194 extantior
1644 2163 1703 2200 sit,
1744 2162 1781 2194 in

239 2217 392 2248 carmine
418 2214 539 2257 longo’
554 2227 563 2254 ;
602 2214 703 2256 quasi
734 2224 816 2246 uero
846 2213 1149 2256 breuiloquentiae
1183 2213 1402 2256 praestantia
1431 2214 1468 2245 in
1501 2217 1622 2245 nostra
1654 2213 1781 2245 decimi

239 2267 363 2309 templi
385 2267 583 2309 cognitione
602 2268 764 2298 uertatur
851 2265 1001 2296 929-938
1021 2264 1118 2297 locus
1141 2268 1299 2307 quartus.
1348 2265 1454 2296 Firm.
1478 2274 1507 2297 11
1531 2266 1571 2297 19
1593 2266 1614 2296 5
1638 2268 1782 2306 quartus

239 2319 282 2350 ab
312 2319 493 2359 horoscopo
529 2318 632 2356 locus,
665 2317 704 2348 id
740 2321 786 2349 est
824 2316 930 2355 IMO,
950 2341 958 2349 .
979 2341 986 2349 .
1007 2341 1015 2349 .
1035 2316 1179 2348 ostendit
1215 2316 1310 2348 nobis
1341 2321 1509 2357 parentes,
1544 2316 1641 2348 Paul.
1675 2316 1776 2349 Alex.

240 2370 269 2402 L
295 2371 359 2403 3-4
387 2369 423 2401 τὸ
458 2371 492 2401 δέ
523 2369 551 2401 δ’
582 2367 648 2400 ain-o*
680 2367 864 2409 ὡροσκόπου
881 2393 889 2400 .
910 2392 918 2400 .
939 2392 947 2400 .
967 2369 1122 2407 σημαῖνον
1154 2369 1212 2406 τὴν
1245 2370 1301 2400 τοῦ
1335 2369 1447 2409 ’γήρωσ
1482 2369 1608 2406 ἠλικίαν
1626 2392 1633 2400 .
1655 2391 1664 2399 .
1683 2392 1690 2400 .
1712 2369 1780 2400 ἔστι

241 2423 274 2454 δὲ
309 2423 324 2454 ὁ
357 2420 461 2453 τόποσ-
479 2445 486 2454 .
507 2445 514 2453 .
537 2445 544 2452 .
564 2422 637 2461 περὶ
669 2421 789 2459 ’γονέων
807 2444 814 2452 .
840 2444 847 2451 .
873 2445 881 2452 ,
906 2419 1117 2458 σημαντικόσ,
1152 2419 1254 2451 Vett.
1288 2419 1367 2451 Val.
1410 2430 1442 2461 p.
1484 2420 1544 2454 179
1588 2419 1628 2451 16
1666 2419 1693 2451 δ’
1711 2443 1718 2451 .
1739 2443 1747 2451 .
1768 2443 1776 2451 .

240 2475 442 2514 πρεσβύτερα
463 2470 630 2513 πρόσωπα,
650 2482 683 2513 p.
703 2472 767 2503 335
783 2472 803 2503 3
821 2471 836 2502 ὁ
853 2473 887 2502 δὲ
908 2471 935 2502 δ’
955 2472 1074 2511 ’γονέων
1097 2473 1168 2512 περὶ
1190 2472 1276 2509 ζωῆσ
1293 2495 1300 2502 .
1321 2495 1328 2502 .
1351 2495 1358 2503 .
1377 2469 1493 2508 τόποσ,
1517 2469 1694 2503 C.C.A.G.
1714 2470 1780 2502 vii

239 2535 273 2566 p.
295 2525 357 2556 133
376 2525 414 2556 18
430 2526 463 2555 ἐν
480 2522 524 2563 τῷ
543 2522 601 2555 ὑπὸ
617 2524 680 2563 ’γῆν
697 2523 826 2563 κέντρῳ,
847 2524 878 2554 ἐν
894 2522 984 2562 τόπῳ
1001 2523 1146 2563 πατέρων
1235 2521 1299 2552 929
1321 2525 1361 2554 at
1375 2521 1422 2561 13,
1441 2524 1487 2553 ad
1501 2525 1570 2560 Lm,
1589 2525 1654 2554 aut
1668 2524 1694 2553 G

283 2584 328 2607 111
340 2575 402 2608 623
415 2579 565 2607 emutant
575 2584 734 2606 conuerso
744 2573 885 2606 cardine
895 2574 1072 2612 mundum,
1086 2582 1099 2605 1
1110 2574 1174 2605 449
1185 2573 1221 2605 in
1233 2578 1442 2614 conspectum
1451 2573 1630 2605 redeuntia
1640 2573 1779 2605 cardine

240 2637 346 2658 uerso.
394 2626 513 2658 nullus
529 2636 547 2657 e
563 2628 734 2667 quattuor
746 2624 948 2656 cardinibus
964 2625 1192 2666 significatur,
1208 2624 1269 2656 sed
1285 2625 1314 2656 is
1330 2625 1366 2656 in
1379 2634 1446 2666 quo
1462 2624 1613 2656 mundus
1625 2624 1781 2656 uertitur

327 2677 391 2708 930
413 2676 620 2715 anei-sumit,
640 2679 830 2708 aduersum
855 2676 947 2715 libri,
973 2680 1013 2708 ut
1036 2685 1065 2708 11
1092 2677 1164 2715 153,
1187 2676 1263 2714 201,
1287 2677 1362 2714 366,
1385 2676 1460 2713 549,
1485 2684 1530 2707 111
1551 2676 1627 2714 403,
1648 2684 1673 2707 v
1695 2676 1778 2708 140:

241 2729 391 2761 alterum
412 2739 583 2770 nusquam
607 2732 786 2760 seruatum
812 2732 866 2759 est
891 2728 959 2759 nisi
981 2736 1020 2759 1v
1040 2728 1102 2760 521
1126 2731 1162 2759 et
1181 2727 1217 2759 in
1236 2730 1270 2759 M
1290 2736 1302 2759 1
1320 2728 1395 2760 264.
1444 2726 1686 2768 quodcumque
1707 2736 1778 2758 sus-

242 2780 373 2822 picitur
396 2779 590 2821 despicitur
613 2778 817 2821 adspicitur,
839 2779 874 2810 id
896 2779 1090 2810 necessario
1113 2779 1288 2820 spectanti
1309 2778 1493 2810 aduersum
1517 2782 1581 2817 est,
1601 2778 1669 2810 nisi
1689 2777 1780 2809 forte

242 2832 356 2863 uisum
372 2830 552 2872 obliquat:
578 2830 667 2862 illud
684 2830 744 2862 imi
759 2829 882 2862 mundi
901 2831 1080 2872 proprium
1097 2835 1162 2869 est,
1181 2829 1274 2872 quod
1295 2829 1414 2861 orbem
1436 2830 1583 2871 suspicit
1604 2839 1776 2868 auersum,

242 2882 278 2915 id
303 2886 357 2914 est
382 2883 550 2924 posticam
577 2885 691 2913 terrae
711 2886 859 2923 partem.
907 2892 983 2913 eam
1007 2892 1090 2913 uero
1113 2881 1423 2923 septentrionalem
1444 2891 1518 2913 esse
1542 2880 1645 2913 docet
1666 2880 1779 2912 Varro
