1931 3202
211 123 235 161 8
806 119 868 162 M.
901 119 1035 162 MAN
1038 119 1151 162 ILII

382 244 477 272 ecce
498 230 612 272 alius
633 230 774 286 pictas
794 230 994 272 uolucres
1014 244 1063 272 ac
1085 229 1199 272 bella
1221 228 1428 279 ferarum,

382 305 455 346 ille
477 307 717 347 uenenatos
737 305 896 360 anguis
916 304 1177 360 aconitaque
1199 308 1243 346 et
1264 304 1422 346 herbas

281 388 323 419 45
383 378 479 421 fata
499 378 637 421 refert
658 379 885 434 uitamque
905 392 986 420 sua
1007 378 1151 420 radice
1174 377 1368 420 ferentis.

384 453 490 508 quin
511 453 645 495 etiam
666 452 860 494 tenebris
880 452 1119 495 inmersum
1141 453 1357 495 Tartaron
1378 456 1476 494 atra

384 527 429 568 in
450 527 589 569 lucem
611 526 664 568 de
685 530 812 568 nocte
833 529 994 568 uocant
1014 526 1250 583 orbemque
1271 527 1508 569 reuoluunt

383 601 569 643 interius
590 615 766 643 uersum
787 603 973 643 naturae
994 600 1168 643 foedere
1188 604 1331 657 rupto.

384 689 511 717 omne
531 689 671 731 genus
691 689 839 717 rerum
859 674 1013 717 doctae
1035 675 1227 717 cecinere
1248 689 1426 724 sorores,

211 821 305 853 Ries.
332 821 397 854 563
425 822 440 852 1
469 820 663 853 Sicanias
689 825 784 853 uates
809 820 941 860 siluis,
967 820 1173 853 Ascraeus
1201 821 1237 853 in
1263 821 1391 860 aruis,
1421 831 1573 863 prooem.
1601 821 1747 853 Aeneid.

210 874 231 905 2
257 883 308 915 sq.
339 883 488 913 eyressns
513 872 634 904 siluis
659 872 776 904 uicina
802 872 891 913 coe9i
909 872 914 913 l
935 877 972 904 ut
995 872 1154 914 quamuis
1177 873 1283 905 auido
1301 877 1465 914 parerent
1492 883 1597 905 arua
1624 873 1747 905 colono.

210 925 311 957 aulas
340 924 428 956 dicit
458 926 651 965 pastorum,
684 926 802 963 αὐλάσ,
834 927 876 955 ut
906 923 1111 965 Propertius
1142 933 1187 956 111
1221 925 1260 957 13
1291 925 1332 957 39
1362 934 1512 956 uacuam
1536 925 1686 965 pastori-s
1716 925 1753 956 in

210 977 340 1014 aulam,
359 975 495 1008 Statius
511 975 589 1007 silu.
611 984 639 1007 11
659 976 679 1006 2
698 975 759 1008 109
775 986 825 1017 sq.
851 974 1036 1017 Tirynthia
1054 1000 1060 1007 .
1082 999 1089 1007 .
1111 1000 1118 1008 .
1141 976 1225 1008 aula
1243 986 1307 1018 pro
1328 975 1460 1014 Baulis,
1482 975 1544 1008 ubi
1563 975 1751 1008 Herculem

212 1027 393 1069 Geryonae
414 1026 529 1059 bubus
550 1027 625 1058 siue
645 1026 762 1058 aulam
783 1026 858 1059 siue
877 1027 1013 1059 caulam
1034 1027 1157 1059 fecisse
1179 1027 1325 1059 tradunt
1346 1026 1489 1060 Seruius
1512 1027 1557 1059 ad
1580 1028 1668 1059 Aen.
1696 1036 1751 1059 vn

211 1079 286 1118 662,
310 1077 540 1120 Symmachus
560 1078 663 1120 epist.
690 1087 703 1109 1
727 1078 742 1109 1
765 1079 795 1110 5.
844 1089 934 1110 aura
956 1089 1019 1120 pro
1040 1078 1125 1110 aula
1145 1079 1318 1120 scriptum
1339 1081 1440 1110 extat
1460 1078 1567 1111 Mart.
1593 1087 1634 1110 IX
1655 1079 1696 1111 35
1718 1080 1749 1117 3,

210 1130 301 1162 Non.
320 1140 354 1172 p.
373 1131 438 1162 505
454 1130 485 1169 3,
504 1129 605 1161 aulas
620 1139 684 1171 pro
705 1140 813 1162 auras
834 1129 914 1161 Val.
940 1129 992 1162 Fl.
1018 1139 1058 1161 VI
1080 1130 1142 1162 113
1229 1129 1271 1160 43
1290 1130 1402 1170 picta-3
1422 1130 1576 1162 uolucres
1596 1129 1752 1162 dubitari

210 1184 329 1223 potest
359 1184 479 1213 utrum
509 1182 727 1222 ὀρνιθογονίαν
759 1182 842 1220 (non
873 1192 956 1213 sane
987 1181 1130 1213 Aemilii
1161 1181 1275 1213 Macri
1306 1181 1368 1213 sed
1398 1181 1548 1213 fortasse
1579 1181 1676 1221 Boei)
1707 1192 1752 1214 an

210 1233 254 1265 de
280 1233 430 1275 aucupio
455 1233 530 1265 siue
557 1231 694 1273 ἰξευτικῇ
719 1243 860 1265 carmen
884 1232 1059 1275 significet
1147 1233 1232 1265 bella
1246 1233 1423 1274 serarum,
1450 1234 1685 1272 uenationem,
1711 1238 1753 1265 ut

210 1294 250 1317 1v
268 1285 329 1320 178
348 1288 385 1316 et
402 1285 478 1324 224,
501 1287 721 1325 κυνηγητικῶν
742 1287 998 1327 argumentum.
1048 1284 1255 1327 designatur
1276 1287 1395 1317 autem
1416 1296 1486 1317 non
1507 1285 1672 1317 Grattius
1692 1285 1753 1317 sed

208 1337 418 1379 quicumque
444 1336 578 1378 primus
605 1336 738 1368 Graeco
765 1336 921 1368 carmine
947 1347 1024 1368 eam
1044 1337 1228 1368 materiam
1249 1337 1420 1369 tractauit
1507 1336 1551 1367 44
1572 1339 1748 1376 aconitaq.

209 1389 288 1428 et-›e'
317 1391 374 1420 hic
401 1391 490 1420 nata.
515 1396 579 1427 per
604 1388 698 1420 libri.
747 1391 896 1430 apparet
923 1388 1081 1420 ordinem
1108 1398 1183 1420 esse
1209 1388 1315 1429 refert
1343 1388 1464 1420 herbas
1482 1389 1569 1429 sata
1594 1389 1671 1427 (hoc
1698 1393 1753 1421 est

209 1441 371 1479 mortem)
403 1439 576 1481 uitamque
606 1439 724 1472 radice
754 1450 819 1471 sna
840 1439 1002 1481 ferentes,
1035 1445 1076 1471 ut
1107 1440 1169 1472 illa
1198 1445 1283 1471 nata
1310 1451 1375 1481 per
1401 1443 1503 1472 extra
1540 1440 1752 1472 sententiam

209 1494 384 1534 uagentur
409 1491 673 1533 orationemque
695 1491 930 1533 perturbent3
961 1502 1110 1533 quorum
1134 1492 1170 1523 in
1193 1492 1308 1523 locum
1333 1491 1515 1524 Bentleius
1537 1492 1700 1533 qramz'na
1723 1497 1752 1524 et

209 1543 405 1576 substituit.
466 1542 528 1575 sed
557 1553 601 1575 ne
631 1542 685 1575 hic
716 1542 870 1585 quidem,
905 1546 984 1585 post
1021 1543 1139 1575 Sicula
1170 1543 1287 1575 tellure
1318 1548 1451 1575 creatus
1474 1568 1482 1575 .
1503 1568 1511 1576 .
1532 1568 1540 1575 .
1567 1543 1658 1576 alius
1682 1569 1689 1576 .
1712 1568 1718 1576 .

210 1596 263 1628 ille
279 1595 430 1627 orationi
445 1605 515 1626 non
531 1595 775 1633 necessarium,
794 1595 971 1627 sententia
987 1594 1209 1626 commendat
1223 1607 1231 1633 ;
1255 1606 1336 1626 nam
1352 1605 1461 1627 unum
1477 1598 1571 1627 certe
1590 1595 1752 1627 nouimus

209 1658 357 1689 eumque
384 1647 517 1679 clarum
544 1649 684 1688 poetam
711 1646 771 1688 qui
798 1650 834 1678 et
861 1651 1041 1688 serpentes
1068 1650 1104 1678 et
1131 1646 1256 1678 herbas
1284 1647 1483 1678 mortiferas
1510 1646 1752 1689 salutaresque

208 1699 459 1741 percensuerit,
489 1700 645 1739 θηριακῶν
673 1701 709 1730 et
736 1700 1002 1739 ἀλεξιφαρμάκων
1029 1699 1237 1740 scriptorem
1264 1698 1494 1731 Nicandrum.
1544 1698 1603 1730 ille
1634 1703 1751 1731 autem

209 1751 298 1783 alex.
336 1750 441 1785 12-73
479 1751 601 1782 statim
638 1752 720 1792 post
757 1750 972 1792 prooemium
1012 1749 1055 1781 de
1093 1750 1232 1782 aconito
1271 1750 1425 1789 disserit,
1465 1750 1560 1792 quod
1598 1750 1752 1782 omnium

210 1812 425 1835 uenenorum
452 1802 651 1833 ocissimum
677 1812 751 1833 esse
779 1801 868 1833 dicit
898 1801 1034 1834 Plinius
1064 1802 1137 1834 n.h.
1169 1811 1277 1833 XXVII
1308 1804 1338 1833 4.
1396 1802 1568 1843 scriptum
1596 1802 1754 1844 suspicor

210 1855 343 1887 iconata
380 1864 420 1885 eo
455 1853 742 1895 transpositionis
779 1864 906 1894 genere
944 1854 1042 1885 cuius
1081 1853 1116 1884 in
1152 1853 1261 1895 praef.
1303 1853 1362 1885 lib.
1403 1862 1416 1885 1
1454 1864 1487 1895 p.
1525 1853 1603 1885 lviii
1640 1854 1753 1885 multa

211 1905 370 1947 exempla
397 1904 521 1947 collegi
543 1904 705 1946 pluribus
732 1905 881 1944 omissis,
907 1905 1007 1936 uelut
1034 1914 1048 1936 1
1075 1905 1135 1939 791
1166 1905 1300 1937 Lunins
1328 1905 1553 1937 Hasdribalz's
1579 1908 1613 1942 L,
1641 1905 1748 1937 Mart.

210 1966 267 1989 vn
297 1958 339 1989 28
370 1958 390 1989 3
425 1956 634 1988 Tartesiacis
666 1956 884 1993 Tarcisiaces,
913 1966 953 1988 IX
980 1958 1000 1988 5
1029 1958 1045 1988 1
1074 1956 1193 1989 Prisco
1223 1956 1358 1998 Crispo,
1391 1965 1415 1988 x
1446 1958 1467 1988 4
1499 1958 1513 1988 l
1548 1957 1753 1999 caligantem

211 2008 428 2051 galicantem,
449 2008 588 2041 Nemes.
614 2007 690 2040 buc.
716 2017 757 2040 lv
777 2009 818 2043 27
840 2012 1027 2040 ueteranus
1046 2013 1254 2040 ueneratus:
1278 2008 1322 2040 de
1344 2018 1404 2049 qne
1426 2013 1456 2040 et
1477 2008 1513 2040 in
1530 2019 1596 2049 per
1617 2012 1755 2040 mutato

211 2060 294 2092 uide
321 2060 366 2091 ad
393 2071 426 2092 ιι.
458 2061 478 2092 5
505 2059 676 2091 adnotata
703 2062 739 2091 et
766 2060 973 2101 praesertim
1004 2069 1018 2091 1
1051 2061 1122 2099 156,
1154 2059 1214 2091 ubi
1245 2060 1423 2092 simillimo
1454 2070 1570 2091 errore
1598 2061 1754 2101 perfudit

211 2112 384 2154 scriptum
411 2115 465 2143 est
491 2122 554 2153 pro
578 2121 639 2152 que
666 2111 794 2152 effudit.
844 2114 998 2144 ceterum
1026 2122 1070 2143 ne
1093 2117 1202 2152 prata
1224 2122 1289 2152 per
1315 2111 1435 2143 herbas
1461 2122 1690 2153 proponerem
1718 2117 1755 2144 et

213 2163 350 2195 collatis
379 2174 469 2205 quae
499 2163 544 2194 ad
575 2172 588 2194 1
619 2164 683 2195 245
721 2163 903 2205 disput-aui
936 2173 1002 2204 per
1034 2168 1145 2204 prata
1182 2164 1447 2205 interpretarer,
1480 2166 1640 2195 retentus
1677 2174 1754 2195 sum

212 2215 344 2247 eisdem
373 2215 488 2247 tribus
518 2214 636 2246 uerbis
666 2225 747 2246 mox
777 2226 810 2246 u.
844 2216 886 2247 53
918 2214 1057 2249 diuerso
1094 2218 1130 2246 et
1161 2215 1295 2247 usitato
1332 2225 1435 2246 sensu
1473 2215 1620 2256 positis;
1659 2215 1754 2247 Brei-

212 2269 309 2299 terus
332 2277 401 2298 non
423 2269 479 2298 est
501 2269 661 2298 retentus
748 2266 789 2297 45
814 2275 880 2298 sua
903 2266 977 2298 cod.
1005 2266 1158 2305 Monac.‚
1184 2275 1285 2298 suam
1308 2269 1393 2298 GLM
1415 2271 1560 2308 propter
1582 2266 1693 2298 uitam

256 2318 298 2349 46
321 2321 526 2350 immersum
553 2317 718 2359 Scaliger,
747 2320 947 2350 inmensum
973 2318 1066 2350 libri.
1111 2318 1217 2360 Verg.
1250 2319 1337 2350 Aen.
1368 2327 1408 2349 VI
1435 2319 1498 2352 267
1524 2319 1676 2359 pandere
1703 2329 1756 2350 res

214 2370 288 2402 alca
319 2375 412 2401 terra
442 2375 473 2401 et
503 2369 647 2410 caliyine
677 2379 808 2401 mersas
905 2373 1071 2402 tartaron
1100 2373 1182 2402 atra
1212 2369 1389 2402 Gerardus
1419 2369 1566 2401 Vossius
1596 2369 1641 2401 ad
1672 2369 1751 2401 Val.

217 2421 266 2454 ΕΙ.
287 2430 328 2453 1v
344 2422 419 2460 258,
437 2424 604 2453 tartaron
619 2424 739 2453 atrum
755 2421 825 2453 iam
845 2420 1009 2463 Scaliger,
1032 2425 1175 2454 tartara
1195 2424 1338 2453 natram
1358 2424 1394 2460 G,
1418 2424 1560 2453 tartara
1579 2425 1687 2453 nacta
1708 2424 1753 2461 M,

215 2477 358 2505 tartara
381 2476 507 2505 natum
533 2475 566 2504 L.
615 2472 725 2505 Culic.
757 2473 821 2507 270
847 2473 1001 2505 cerberon
1029 2484 1204 2514 umquam,
1235 2473 1365 2505 cerbero
1392 2483 1591 2514 numquam,
1622 2473 1756 2505 cerbera

216 2535 405 2565 numquam
434 2524 526 2556 libri.
640 2523 681 2555 47
713 2527 818 2566 rupto
849 2527 997 2556 naturae
1031 2525 1171 2556 foedere
1205 2524 1394 2556 reuoluunt
1427 2527 1533 2566 atque
1564 2524 1753 2566 explicant,

217 2575 510 2617 quemadmodum
534 2575 713 2607 uolumina
737 2575 907 2607 euoluunt
930 2576 1098 2618 legentes,
1124 2587 1199 2608 eam
1222 2575 1315 2608 orbis
1338 2583 1473 2617 partem
1497 2586 1585 2617 quae
1609 2577 1757 2608 interius

218 2638 318 2659 uersa
345 2631 411 2666 est,
441 2627 506 2659 hoc
533 2630 587 2658 est
613 2637 718 2658 cauae
745 2627 884 2659 telluris
910 2632 1064 2659 crustam
1091 2627 1239 2659 solidam
1264 2627 1316 2658 ita
1339 2627 1524 2658 inuertunt
1547 2630 1587 2659 ut
1611 2627 1757 2659 interior

219 2679 292 2710 cius
319 2677 520 2720 superficies
551 2678 619 2709 iam
651 2689 720 2709 non
751 2678 845 2710 intro
874 2682 1020 2720 spectet.
1070 2679 1154 2711 haec
1185 2678 1372 2710 uerborum
1402 2678 1650 2720 interpretatio
1681 2685 1756 2711 est:

220 2729 262 2761 de
290 2740 327 2761 re
355 2729 509 2771 Scaliger
539 2731 645 2771 ‘puto
673 2729 782 2769 innui,
811 2730 872 2771 qui
900 2731 1127 2768 νεκυομαντικά
1154 2731 1383 2771 scripserunt,
1417 2733 1480 2761 aut
1506 2734 1647 2771 raptum
1675 2729 1756 2762 Pro-

220 2782 389 2822 serpinae.
439 2781 469 2812 si
484 2780 581 2813 aliud
598 2784 738 2822 praeter
754 2781 818 2812 hoc
835 2781 1058 2823 intelligitur,
1078 2792 1139 2823 per
1154 2792 1208 2813 me
1228 2781 1368 2823 quidem
1388 2781 1505 2819 esto’3
1529 2781 1621 2813 idem
1641 2781 1757 2813 adfert

221 2833 325 2864 Aetn.
368 2833 409 2866 76
447 2842 497 2874 sq.
539 2832 737 2873 uateslszcb
775 2832 875 2864 terris
912 2833 1027 2873 nisyros
1065 2833 1225 2865 uiderunt
1263 2833 1413 2865 carmine
1450 2843 1575 2864 manes.
1625 2832 1757 2864 Lucani

221 2883 504 2922 catachthonion,
537 2894 605 2925 quo
635 2888 794 2925 spectare
825 2884 980 2916 creditur
1011 2885 1100 2917 Stat.
1132 2885 1208 2916 silu.
1240 2893 1269 2916 11
1301 2885 1319 2918 7
1350 2885 1391 2918 57
1424 2889 1451 2916 et
1479 2884 1569 2916 sedes
1595 2884 1757 2916 reserabis
