1931 3202
230 126 284 164 28
771 124 832 166 Μ.
865 123 1115 166 MANILII

277 242 343 277 270
461 249 539 277 nec
560 235 668 277 satis
689 238 756 277 est
777 236 978 292 proprias
998 236 1227 292 signorum
1248 249 1424 277 noscere
1448 234 1612 277 formas

280 316 342 349 126
402 312 447 351 et
467 309 618 365 priuas
640 323 749 365 quas
770 309 880 351 dant
902 309 1018 365 leges
1039 309 1323 352 nascentibus
1343 312 1487 359 astra3

277 391 338 425 ‘271
400 397 612 425 consensu
635 397 806 439 quoque
828 383 924 424 fata
945 386 1126 425 mouent
1147 387 1191 425 et
1213 383 1388 425 foedere
1409 382 1608 439 gaudent

401 459 534 512 atque
555 457 654 498 aliis
675 457 763 498 alia
783 456 1024 498 succedunt
1044 461 1160 499 sorte
1182 457 1372 513 locoque.

402 531 591 572 circulus
613 534 664 572 ut
685 530 843 572 dextro
864 531 1090 587 signorum
1112 531 1334 574 clauditur
1354 531 1468 579 orbe,

402 604 448 645 in
469 605 551 646 tris
572 604 768 659 aequalis
790 605 999 646 discurrit
1020 605 1137 647 linea
1157 605 1317 647 ductus

278 688 342 721 275
403 678 535 733 inque
556 678 697 719 uicem
719 679 928 721 extremis
951 679 1098 735 iungit
1119 693 1164 721 se
1185 679 1347 721 finibus
1369 680 1474 736 ipsa,

403 758 459 802 et,
479 766 780 808 quaecumque
800 752 916 801 ferit,
938 752 1148 795 dicuntur
1168 753 1296 809 signa
1317 754 1504 810 trigona,

401 826 447 867 in
468 826 556 867 tria
577 826 770 881 partitus
791 826 907 882 quod
930 830 998 868 ter
1018 827 1138 869 cadit
1158 828 1349 883 angulus
1369 832 1491 869 astra

402 914 512 955 quae
535 899 679 941 diuisa
699 904 882 942 manent
904 901 1043 943 ternis
1064 900 1277 943 distantia
1299 902 1447 957 signis

403 974 595 1030 Laniger
615 989 670 1016 ex
690 975 872 1030 paribus
893 975 1050 1031 spatiis
1071 974 1159 1017 duo
1179 975 1321 1031 signa,
1342 975 1499 1017 Leonis

226 1132 416 1171 (358-384),
445 1131 528 1172 quid
552 1131 723 1172 ableptum
748 1133 938 1172 (385-394),
966 1133 1057 1173 quod
1083 1133 1126 1164 sic
1151 1132 1255 1165 eciam
1281 1132 1454 1172 trigonum
1480 1133 1650 1170 dcxlv-um,
1678 1132 1769 1173 quod

226 1183 404 1216 sini-strum
420 1184 553 1222 (esni-6,
572 1183 663 1222 293).
710 1183 829 1215 uersui
850 1184 915 1217 270
935 1185 1128 1225 praemissa
1144 1188 1228 1216 sunt
1244 1184 1281 1215 in
1302 1183 1402 1215 libris
1418 1194 1504 1225 quae
1521 1189 1624 1216 cauta
1641 1186 1720 1222 (om.
1734 1186 1770 1221 G,

227 1234 450 1267 scribendum
477 1234 669 1273 coniuncta)
699 1239 728 1266 et
754 1236 833 1274 (om.
854 1237 892 1274 G)
917 1245 1033 1267 eornm
1059 1235 1184 1267 decc-cra
1210 1240 1271 1267 aut
1295 1235 1437 1267 sinistra
1524 1234 1589 1266 270
1614 1235 1774 1277 proprias

227 1287 406 1328 signorum
427 1286 569 1326 forma-3
595 1296 738 1318 noscere
768 1297 838 1318 non
870 1287 958 1318 satis
988 1297 1062 1318 esse
1092 1297 1194 1319 nemo
1220 1290 1301 1329 post
1331 1287 1440 1318 lectos
1471 1297 1593 1318 uersus
1626 1286 1775 1319 150-269

227 1337 406 1370 docendus
433 1341 521 1376 erat,
548 1338 585 1368 in
612 1348 682 1379 qua
709 1338 874 1369 carminis
903 1341 1006 1379 parte
1032 1349 1103 1370 non
1129 1338 1224 1370 solae
1251 1338 1384 1370 formae
1410 1338 1467 1377 (de
1494 1338 1621 1380 quibus
1648 1338 1685 1369 in
1712 1348 1770 1369 uu.

226 1389 357 1422 203—22
386 1393 424 1420 et
449 1390 557 1421 2654)
585 1389 726 1421 omnino
753 1400 823 1421 non
853 1389 924 1421 suit
955 1392 1082 1429 sermo)
1110 1390 1171 1421 sed
1202 1394 1375 1421 astrorum
1406 1389 1511 1421 uaria
1542 1394 1588 1421 esc
1623 1394 1774 1421 natura

226 1445 356 1473 notata.
405 1440 492 1482 quid
517 1440 582 1472 hoc
613 1441 688 1472 1000
716 1440 787 1472 dici
819 1440 981 1473 debuerit
1013 1441 1105 1473 clare
1133 1441 1291 1473 ostendit
1321 1452 1444 1473 comm.
1465 1441 1556 1473 Ptol.
1578 1446 1658 1473 tetr.
1678 1451 1712 1483 p.
1734 1441 1776 1473 30

229 1493 408 1533 πληρώσασ
432 1494 500 1531 τὴν
525 1492 607 1523 καθ’
635 1493 731 1523 αὐτὰ
757 1494 831 1523 τῶν
859 1494 1000 1532 ζῳδίων
1029 1494 1190 1530 δύναμιν
1218 1495 1273 1524 νῦν
1295 1495 1518 1533 μεταβέβηκεν
1542 1495 1595 1524 ἐπὶ
1616 1494 1675 1531 τὴν
1692 1494 1778 1532 πρὸσ·

227 1545 370 1582 ἄλληλα,
395 1545 470 1582 ἥτισ
491 1545 680 1575 συνίσταται
703 1546 735 1574 ἐν
758 1543 799 1584 τῇ
819 1545 883 1574 τῶν
907 1545 1084 1583 σχημάτων
1111 1546 1236 1585 θεωρίᾳ,
1255 1544 1361 1586 idque
1385 1545 1499 1586 ipsum
1517 1543 1652 1575 dictum
1667 1543 1780 1578 fuisse*

228 1595 449 1627 demonstrat
465 1605 498 1626 u.
517 1595 593 1633 271,
613 1605 772 1627 con-sensu
789 1605 917 1636 quoque
930 1596 1017 1636 saca
1032 1601 1178 1634 mouent,
1197 1595 1324 1637 quibus
1347 1595 1465 1627 uerbis
1480 1595 1557 1627 fieri
1573 1606 1643 1627 non
1658 1599 1775 1637 potest

228 1647 313 1689 quin
340 1647 571 1678 antecesserit
598 1646 733 1688 aliquid
761 1646 804 1678 de
827 1647 1045 1689 singulorum
1072 1647 1227 1679 siderum
1253 1647 1389 1679 uiribus
1415 1647 1622 1689 effectuque.
1681 1646 1775 1688 quod

228 1702 270 1730 ut
292 1698 504 1740 reciperaret
524 1698 706 1729 Bentleius
723 1698 863 1738 formas
884 1699 921 1729 in
943 1698 1055 1737 sortis,
1075 1709 1144 1730 non
1168 1699 1391 1741 aptissimum
1415 1698 1573 1737 uerbum,
1598 1699 1776 1735 mutauit;

228 1760 292 1791 ego
316 1750 384 1781 huc
411 1749 574 1781 reuocaui
602 1759 741 1780 uersum
767 1750 986 1781 incommode
1013 1751 1193 1791 superiore
1220 1749 1295 1781 loco
1322 1751 1478 1792 positum
1568 1749 1630 1780 126
1653 1752 1779 1788 prinas

229 1801 396 1842 Scaliger,
420 1803 555 1839 primas
578 1803 638 1839 GL,
663 1803 780 1838 prima
801 1804 845 1832 M.
893 1801 1027 1842 primu-5
1052 1812 1115 1843 pro
1135 1801 1262 1842 pri-zeus
1286 1801 1445 1833 Lucretii
1469 1801 1606 1833 codices
1630 1810 1675 1832 111
1698 1801 1774 1839 373,

229 1862 270 1884 1v
299 1853 376 1891 261,
404 1852 583 1884 quenalis
614 1861 687 1883 Vin
717 1853 770 1891 68,
803 1852 946 1884 Horatii
977 1853 1114 1894 aliquot
1145 1864 1246 1885 serm.
1278 1862 1307 1884 11
1339 1855 1359 1885 5
1392 1854 1441 1885 11.
1496 1853 1561 1884 hoc
1599 1852 1776 1884 adiectiuo

229 1903 418 1935 Manilium
441 1914 511 1934 non
534 1906 622 1945 puto
646 1914 791 1935 usurum
813 1903 923 1935 fuisse
946 1904 1015 1935 nisi
1038 1905 1074 1935 in
1100 1904 1259 1945 proximo
1284 1915 1389 1936 uersu
1414 1905 1590 1945 posuisset
1610 1904 1776 1945 proprias

316 1955 381 1986 272
403 1957 476 1986 alia
492 1954 686 1993 Bentleius,
699 1958 792 1987 aliae
809 1955 890 1987 libri
983 1959 1079 1988 sorte
1096 1955 1169 1994 GL2,
1189 1959 1280 1988 forte
1295 1959 1354 1987 ΕΜ
1370 1960 1405 1987 et
1422 1957 1459 1987 in
1475 1966 1583 1996 marg.
1599 1966 1690 1987 man.
1708 1957 1722 1987 1
1738 1959 1772 1987 G.

230 2007 310 2038 aliis
330 2006 400 2038 alia
415 2010 510 2037 sorte
531 2007 606 2037 siue
625 2006 855 2048 discriptione
870 2006 1009 2048 alioque
1030 2007 1106 2038 loco
1122 2007 1197 2038 siue
1213 2007 1482 2038 interuallorum
1498 2008 1614 2048 spatio
1636 2006 1776 2038 succed—

231 2062 296 2090 unt
312 2058 643 2099 continuanturque.
692 2057 784 2089 aliae
801 2058 960 2097 (formae)
978 2069 1055 2090 cum
1070 2058 1266 2090 sententiae
1283 2064 1507 2100 repugnaret,
1526 2058 1655 2099 Fayus,
1675 2058 1778 2090 homo

230 2110 337 2141 metri
359 2109 513 2151 ignarus,
538 2109 612 2141 alia
636 2109 762 2151 (signa)
788 2109 987 2148 substituit,
1014 2109 1195 2141 Bentleius
1222 2110 1313 2142 alias
1339 2110 1414 2142 alia
1441 2112 1585 2148 (sorte);
1613 2109 1675 2141 sed
1698 2110 1778 2142 aliis

230 2164 376 2203 propter
406 2160 617 2192 succedendi
648 2161 795 2192 uerbum
821 2161 1035 2193 seruandum
1066 2165 1153 2200 erat,
1184 2161 1220 2193 id
1247 2161 1341 2203 quod
1372 2161 1532 2193 fecerunt
1563 2161 1711 2193 Iacobus
1742 2165 1779 2193 et

231 2213 424 2244 Bechertus
511 2211 576 2243 273
599 2217 636 2244 uc
652 2223 715 2254 pro
739 2214 796 2252 ἧχι
819 2216 1015 2254 posuerunt
1033 2212 1155 2245 Cicero
1178 2213 1302 2255 phaen.
1320 2213 1352 2251 2,
1373 2213 1603 2245 Germanicus
1626 2213 1690 2245 233

275 2264 393 2295 dexter
418 2263 596 2305 signorum
626 2263 720 2295 orbis
748 2263 880 2296 dicitur
906 2264 967 2305 qui
994 2265 1031 2295 in
1057 2264 1219 2296 dextram
1245 2269 1395 2306 partem,
1426 2264 1491 2296 hoc
1518 2270 1572 2296 est
1600 2264 1636 2295 in
1664 2264 1777 2296 occid-

232 2318 360 2354 entem,
394 2315 574 2353 uoluitur;
613 2325 718 2357 quam
748 2315 878 2347 zodiaci
911 2316 1173 2347 conuersionem
1204 2326 1266 2347 cur
1295 2320 1401 2357 poeta
1428 2315 1493 2347 hoc
1524 2315 1600 2347 loeo
1627 2315 1776 2357 signific-

233 2366 361 2398 andam
377 2367 515 2408 putarit
531 2377 611 2397 mox
628 2377 686 2399 uu.
707 2367 770 2398 292
793 2377 843 2408 sq.
864 2366 1060 2408 apparebit.
1110 2367 1215 2409 Verg.
1235 2367 1323 2398 Aen.
1348 2375 1374 2398 x
1393 2368 1456 2399 885
1477 2367 1592 2398 laeuos
1611 2366 1777 2408 equitanie

232 2418 269 2449 in
299 2417 400 2456 orbi-3,
434 2418 513 2450 qu.
546 2426 587 2449 vl
618 2418 681 2449 495
713 2428 763 2459 sq.
797 2418 935 2450 laeuum
965 2443 973 2450 .
997 2443 1005 2450 .
1029 2443 1036 2450 .
1072 2429 1185 2451 comas
1217 2443 1224 2450 .
1249 2443 1256 2450 .
1282 2443 1289 2450 .
1323 2418 1432 2450 uoluit
1463 2418 1499 2449 in
1529 2418 1650 2450 orbem.
1699 2422 1778 2450 toto

233 2480 337 2502 uersu
367 2469 456 2501 nihil
486 2469 689 2501 declaratur
719 2470 787 2500 nisi
818 2469 904 2501 hoc:
950 2469 986 2501 in
1017 2470 1167 2502 concluso
1198 2469 1371 2510 signorum
1403 2469 1528 2502 circulo
1620 2469 1685 2501 274
1713 2469 1777 2501 275

233 2525 304 2553 ‘tres
335 2521 448 2552 lineae
479 2520 641 2562 aequales
667 2521 817 2552 diuersis
844 2521 1045 2563 regionibus
1076 2521 1256 2553 ducuntur
1283 2527 1318 2553 et
1348 2521 1477 2552 finibus
1507 2521 1580 2552 suis
1611 2521 1778 2552 extremis

234 2573 452 2614 iunguntur3
484 2572 547 2603 hoc
565 2576 619 2603 est
635 2572 842 2604 inscribitur
857 2575 1010 2613 τρίγωνον
1033 2574 1225 2613 ἰσόπλευρον
1313 2572 1377 2603 276
1393 2572 1529 2612 triyona
1547 2571 1774 2610 adiectiuum,

233 2629 275 2656 ut
301 2624 366 2656 290
390 2623 589 2664 quadrata3
624 2626 747 2654 contra
774 2623 999 2654 substantiua
1026 2627 1110 2655 sunt
1136 2623 1307 2663 trigyonum
1333 2623 1408 2662 299,
1436 2623 1602 2664 quadrati
1628 2624 1692 2656 333

277 2675 339 2706 277
363 2677 520 2712 partitus
547 2677 581 2705 Μ
607 2674 699 2705 sicut
729 2674 926 2706 coniecerat
953 2674 1118 2716 Scaliger,
1146 2677 1305 2713 partitur
1331 2677 1380 2705 GL
1467 2674 1531 2706 279
1564 2683 1607 2706 ex
1634 2674 1779 2707 Ellisius

235 2729 327 2758 noct.
348 2726 443 2757 Man.
464 2736 498 2767 p.
518 2727 557 2756 41
583 2726 781 2767 iterumque
804 2736 838 2767 p.
863 2726 916 2764 42,
940 2735 958 2757 e
982 2726 1050 2757 iam
1075 2725 1239 2768 Scaliger,
1266 2729 1303 2757 et
1325 2725 1418 2757 libri.
1472 2725 1566 2767 quod
1589 2729 1719 2758 temere
1742 2729 1778 2758 et

235 2777 309 2809 sine
326 2777 463 2808 ratione
479 2776 523 2808 ab
539 2776 662 2808 Ellisio
683 2777 919 2808 coniectatuni
941 2781 995 2808 est
1018 2777 1060 2816 (is
1076 2777 1169 2808 enim
1193 2787 1254 2818 per
1276 2780 1400 2818 poetas
1416 2776 1562 2808 Latinos
1584 2776 1778 2809 discurrere

236 2828 419 2860 consueuit
441 2828 536 2860 locos
558 2827 726 2859 sectando
750 2827 810 2859 ubi
833 2828 1029 2870 superiores
1053 2829 1168 2860 critici
1192 2833 1220 2860 et
1244 2828 1281 2860 in
1304 2838 1320 2860 e
1341 2829 1525 2866 mutarint,
1545 2828 1645 2860 uelut
1666 2837 1681 2860 1
1701 2829 1776 2866 203,

236 2880 312 2918 428,
331 2880 406 2918 864,
426 2888 455 2911 11
481 2880 553 2917 182,
577 2880 653 2918 446,
677 2883 717 2910 ut
744 2889 784 2911 ex
809 2890 844 2910 se
872 2879 976 2911 malle
1000 2879 1223 2921 profiteatur)
1248 2883 1365 2911 tamen
1390 2879 1609 2922 probandum
1637 2879 1778 2911 uidetur
