1931 3202
663 119 1148 162 ASTRONOMIOON
1190 118 1238 159 II
1667 122 1720 160 63

352 232 484 274 turba
505 232 587 274 sub
606 232 738 274 unius
759 231 933 273 iuuenis
955 232 1123 273 uirtute
1144 231 1349 273 ferarum.

353 306 551 348 Piscibus
573 309 749 347 exortos
770 306 942 347 uicinus
963 306 1186 361 Aquarius
1207 308 1367 361 urguet

353 384 397 422 et
417 380 583 436 gemini
604 379 766 421 fratres
788 382 832 421 et
853 394 961 435 quos
982 379 1059 421 dat
1082 379 1278 435 Virginis
1299 382 1468 420 astrum

227 463 292 495 569
352 454 514 509 quique
535 453 753 509 Sagittari
774 453 1045 495 descendunt
1065 454 1205 495 sidere
1227 454 1333 495 nati.

227 537 292 572 579
408 543 486 584 per
506 530 574 569 tot
594 528 820 584 signorum
842 528 1006 583 species
1025 528 1247 569 contraria
1268 531 1456 582 surgunt

227 611 292 643 580
351 617 532 658 corpora
552 604 706 657 totque
727 602 868 643 modis
888 602 1051 643 totiens
1070 602 1247 643 inimica
1267 605 1483 643 creantur.

350 675 511 718 idcirco
531 676 644 717 nihil
666 691 721 717 ex
742 679 879 718 semet
899 680 1061 717 natura
1085 677 1252 717 creauit

351 750 526 792 foedere
548 750 767 792 amicitiae
789 750 930 791 maius
952 765 1030 792 nec
1051 751 1194 792 rarius
1216 764 1434 805 umquam.

175 921 304 953 Iacobo
330 921 503 954 Becherto
528 921 688 954 Breitero
711 933 780 954 non
805 927 893 964 puto
917 933 972 954 me
997 922 1159 954 iniuriam
1186 922 1299 954 facere
1327 921 1538 963 suspicando
1563 920 1721 951 homines

175 974 345 1005 sermonis
376 974 496 1005 Latini
525 984 595 1005 non
626 974 858 1015 peritissimos
889 974 946 1006 sub
972 974 1073 1005 wzius
1098 974 1231 1006 iuuenis
1260 974 1385 1006 uirtute
1410 984 1473 1014 pro
1498 972 1595 1012 infra
1619 972 1722 1003 unius

175 1024 310 1057 iuuenis
337 1025 500 1058 uirtutem
525 1025 642 1066 posita
672 1026 857 1067 accepisse.
906 1026 1000 1067 quod
1026 1036 1104 1057 cum
1134 1026 1239 1067 paulo
1266 1025 1483 1057 doctioribus
1508 1035 1577 1055 non
1601 1023 1718 1060 liceat,

176 1076 403 1118 corrigendus
426 1076 523 1108 locus
546 1076 690 1108 uidetur
713 1077 758 1108 ad
780 1077 959 1118 exemplar
979 1088 1102 1109 uersus
1124 1086 1163 1108 IV
1180 1078 1221 1109 34
1241 1082 1371 1118 tresque
1394 1076 1453 1108 sub
1472 1077 1572 1107 unius
1586 1075 1722 1115 fratres

176 1128 304 1160 uirtute
320 1127 479 1167 iacerent,
499 1131 535 1159 et
551 1131 614 1159 aut
629 1139 692 1169 pro
709 1128 842 1160 imanis
865 1129 1066 1170 ponendum
1081 1129 1323 1170 participium,
1342 1128 1442 1160 uerbi
1465 1137 1569 1159 causa
1592 1127 1718 1166 Zicyens,

177 1181 272 1218 (nam
302 1179 454 1211 hominis
485 1180 663 1211 notionem
695 1181 782 1211 satis
813 1180 914 1212 effert
939 1181 1084 1212 uirtutis
1108 1182 1259 1220 nomen),
1288 1183 1351 1211 aut
1376 1180 1501 1211 lacuna
1531 1176 1720 1209 statuenda

175 1231 378 1263 huiusmodi
392 1243 399 1262 ε
424 1229 543 1273 <turpi
558 1231 755 1272 terqafagya
770 1232 968 1272 trepidoque
984 1232 1114 1264 datura
1128 1231 1281 1274 pauore>
1296 1231 1395 1263 turba
1492 1230 1553 1261 567
1567 1231 1721 1268 piscibus

175 1285 317 1315 exortos
355 1283 522 1324 Scaliger,
559 1286 672 1321 pisces
711 1286 854 1315 exortus
892 1283 983 1315 libri.
1039 1284 1164 1324 piscib;
1201 1284 1316 1315 uisum
1354 1286 1407 1314 est
1439 1281 1547 1322 piscis
1584 1286 1620 1312 et
1658 1291 1721 1321 pro

174 1334 377 1366 accusatiuo
408 1334 581 1373 habitum,
615 1334 911 1376 quemadmodum
950 1335 1091 1366 Horatii
1122 1335 1258 1366 codices
1295 1345 1396 1366 serm.
1431 1343 1445 1364 1
1476 1335 1495 1365 S
1525 1333 1567 1364 29
1604 1342 1721 1363 ‘titanes

176 1385 345 1417 exhibent
361 1396 424 1427 pro
441 1397 480 1417 eo
497 1385 591 1427 quod
612 1386 866 1427 Porphyrionis
882 1386 1008 1417 lemma
1025 1387 1180 1418 seruauit
1203 1386 1386 1418 manibus
1409 1385 1561 1417 elicerent
1585 1383 1721 1415 animas

174 1447 337 1478 responsa
368 1437 524 1469 daturas.
574 1441 718 1469 exortus
749 1437 873 1469 sideris
904 1448 1090 1469 occasusue
1114 1439 1247 1469 mentio
1272 1438 1352 1469 hinc
1377 1437 1492 1468 aliena
1516 1439 1569 1467 est
1657 1434 1719 1465 569

173 1491 289 1521 sidere
304 1491 383 1520 nati
398 1487 477 1527 (ΠΡ,
497 1491 616 1520 sidera
630 1491 722 1520 muti
738 1492 796 1520 LM
884 1489 1001 1520 Pisces
1018 1490 1202 1531 impugnat
1223 1491 1361 1531 signum
1377 1488 1579 1530 oppositum
1595 1486 1717 1528 Virgo,

173 1551 216 1571 ex
233 1540 386 1572 humano
402 1540 543 1581 trigono
559 1540 699 1571 Gemini
715 1544 751 1572 et
765 1541 943 1582 Aquarius
960 1542 1051 1580 (cum
1065 1542 1191 1572 ceteris
1204 1541 1288 1572 feris
1301 1540 1406 1572 Libra
1418 1539 1547 1571 bellum
1562 1537 1717 1575 inferat),

173 1592 260 1623 item
275 1591 501 1634 Sagittarius,
521 1591 619 1623 cuius
636 1592 672 1623 in
688 1591 807 1623 Pisces
828 1597 868 1623 ut
892 1593 927 1623 in
953 1592 1134 1634 Scorpium
1151 1593 1270 1624 odium
1294 1592 1429 1624 ratione
1452 1594 1547 1622 caret
1636 1588 1721 1620 570-

173 1642 236 1675 578
266 1653 395 1685 quaere
432 1646 515 1674 ante
554 1642 617 1673 536
736 1643 799 1674 580
830 1646 962 1675 totiens
997 1644 1188 1683 Bwtleius,
1223 1646 1386 1681 quotiens
1420 1642 1501 1674 libri
1539 1640 1720 1673 incondita

173 1694 333 1726 oratione
356 1696 451 1734 (nam
479 1694 547 1726 alio
575 1699 632 1734 tot,
662 1695 732 1726 alio
760 1695 910 1735 quotiens
935 1695 1114 1734 refertur),
1141 1696 1318 1727 sententia
1340 1694 1580 1736 ineptissima3
1608 1702 1719 1734 neque

173 1746 277 1785 enim,
312 1746 406 1788 quia,
439 1746 604 1788 quotiens
639 1746 753 1786 (uelut
785 1746 839 1778 bis
871 1747 907 1778 in
940 1749 1044 1786 anno)
1081 1747 1214 1778 inimici
1245 1749 1420 1784 creantur,
1453 1745 1576 1776 multis
1607 1744 1719 1775 modis

173 1801 349 1836 creantur,
368 1797 500 1829 idcirco
523 1801 586 1829 aut
606 1798 712 1830 multi
734 1798 868 1829 inimici
889 1803 972 1830 sunt
991 1802 1054 1830 aut
1070 1809 1149 1830 rara
1170 1799 1326 1830 amicitia
1414 1797 1619 1828 inimicitiae
1640 1805 1718 1826 cum

172 1849 281 1880 animi
308 1849 390 1888 sint,
421 1860 491 1880 non
516 1849 684 1891 corporis,
712 1850 883 1891 suspicari
910 1851 1022 1891 possit
1052 1850 1179 1892 aliquis
1210 1860 1355 1890 corpora
1385 1852 1578 1891 peruagato
1605 1857 1720 1878 errore

172 1901 344 1941 scriptum
361 1911 437 1932 esse
453 1911 517 1942 pro
528 1905 682 1941 pectora,
701 1901 795 1942 quod
811 1912 937 1932 nomen
961 1902 1038 1943 pari
1062 1902 1265 1933 condicione
1282 1912 1387 1932 uersu
1409 1902 1473 1932 544
1496 1900 1648 1942 positum
1667 1907 1719 1929 est

172 1951 335 1994 quodque
366 1955 402 1984 et
433 1952 602 1984 Heinsius
629 1958 666 1984 et
694 1952 876 1984 Bentleius
903 1953 939 1984 in
970 1953 1072 1985 Ouid.
1102 1957 1183 1985 met.
1214 1962 1259 1984 111
1290 1954 1331 1985 58
1359 1953 1605 1989 restituerunt,
1630 1951 1720 1981 ultor

172 2009 318 2042 uestrae,
335 2003 513 2044 fidissima
534 2009 674 2044 pectora
701 2005 860 2044 (corpora
881 2004 988 2043 libri),
1013 2005 1140 2036 mortis.
1190 2005 1250 2036 sed
1275 2004 1419 2036 obstant
1442 2002 1632 2044 suspicioni
1655 2002 1719 2033 603

173 2066 223 2097 sq.
258 2054 433 2087 discordia
451 2079 458 2087 .
479 2079 487 2088 .
508 2080 515 2087 .
537 2066 694 2096 corpora,
729 2057 792 2088 653
823 2066 969 2096 corpora
987 2081 993 2088 .
1016 2081 1023 2088 .
1045 2081 1052 2088 .
1073 2056 1208 2093 amiam
1246 2059 1288 2088 ut
1325 2059 1493 2097 appareat
1532 2053 1717 2085 Manilium

173 2117 320 2148 corpora
343 2117 406 2148 pro
431 2107 607 2148 capitibus
632 2108 707 2138 siue
731 2107 930 2139 hominibus
955 2107 1097 2146 dixisse,
1124 2107 1217 2149 quod
1241 2108 1348 2139 certis
1373 2105 1635 2138 condicionibus
1659 2105 1718 2136 alii

172 2169 311 2200 quoque
327 2157 499 2197 fecerunt,
519 2158 618 2190 uelut
635 2158 758 2190 Liuius
774 2159 903 2200 passim
920 2159 1028 2190 libera
1045 2170 1200 2200 corpora,
1219 2159 1390 2191 Horatius
1409 2169 1514 2190 carm.
1535 2166 1548 2188 Ι
1570 2157 1612 2189 35
1628 2158 1648 2187 2
1664 2167 1714 2197 sq.

172 2210 242 2242 imo
271 2210 385 2241 tollere
415 2210 457 2241 de
487 2210 602 2250 qratia
622 2209 626 2251 1
645 2210 788 2242 mortale
813 2221 946 2251 corpu-5,
973 2221 1042 2241 non
1067 2215 1108 2242 ut
1133 2211 1176 2242 de
1203 2210 1367 2242 membris
1394 2210 1568 2251 cogitaret
1655 2207 1718 2238 582

172 2264 312 2293 foedere
350 2260 495 2293 Ieuerus
533 2261 667 2293 Lucani
705 2272 725 2293 a
763 2261 800 2293 C.
835 2262 873 2293 F.
912 2262 1066 2293 KVebero
1104 2262 1193 2294 editi
1231 2262 1299 2294 uol.
1341 2271 1354 2293 1
1393 2272 1427 2303 p.
1460 2262 1535 2299 389,
1576 2263 1718 2298 pectore

171 2313 267 2351 libri,
294 2311 441 2353 pifflzore
464 2312 686 2344 Burmannus
717 2313 833 2344 senior
863 2313 907 2344 ad
938 2313 1079 2345 Petron.
1107 2325 1135 2345 c.
1166 2314 1226 2345 123
1250 2325 1282 2345 u.
1310 2314 1374 2345 ‘229
1406 2313 1514 2351 (illius
1545 2312 1598 2344 ed.
1625 2312 1714 2349 ⁵231).

168 2369 303 2406 pectore
337 2364 519 2404 amicitiae,
560 2364 654 2406 quod
693 2364 849 2396 Huetius
881 2369 1016 2405 pectore
1054 2365 1164 2397 amico
1199 2366 1465 2406 interpretatur,
1504 2375 1573 2395 non
1607 2363 1717 2404 magis

173 2416 340 2448 Latinum
367 2418 421 2447 est
447 2426 552 2457 quam
580 2415 673 2455 quod
702 2416 843 2448 Catullo
871 2418 911 2450 77
939 2418 959 2448 5
984 2427 1035 2458 sq.
1063 2416 1197 2448 librarii
1229 2416 1442 2454 tribuerunt,
1473 2416 1554 2447 eheu
1583 2420 1717 2447 *nostrae

173 2467 307 2499 crudele
336 2477 502 2499 uenenum
523 2466 527 2508 1
547 2467 651 2506 uitae,
679 2467 760 2499 eheu
784 2472 919 2499 oio-strae
945 2473 1088 2508 pectus
1117 2467 1303 2505 amicitiae,
1330 2467 1391 2499 ubi
1418 2467 1571 2499 editores
1596 2467 1712 2507 pestis.

173 2519 299 2550 Latine
315 2518 494 2550 Martialis
517 2528 558 2550 IX
576 2520 616 2550 14
633 2519 655 2550 2
667 2518 767 2559 fidae
786 2524 903 2559 pectus
926 2519 1111 2558 amicitiae,
1130 2520 1187 2551 cui
1204 2530 1265 2551 cur
1281 2519 1371 2551 Stat.
1392 2519 1469 2550 silu.
1491 2528 1530 2550 IV
1547 2520 1567 2550 4
1586 2519 1647 2550 102
1663 2528 1713 2559 sq.

173 2571 285 2602 almae
304 2570 308 2610 Ι
324 2575 443 2611 pectus
466 2569 638 2602 amicitiae
661 2581 731 2601 non
748 2570 898 2601 adiciam
915 2570 1056 2602 docebit
1079 2571 1117 2603 F.
1138 2571 1207 2602 Leo
1223 2571 1258 2602 in
1275 2571 1390 2602 indice
1406 2570 1516 2602 schol.
1534 2570 1714 2611 Goetting.

172 2633 252 2654 ann.
274 2622 393 2654 1892-3
410 2632 468 2663 pp.
490 2623 530 2653 15
546 2632 596 2663 sq.
647 2622 770 2653 Ellisio
787 2621 832 2653 ad
854 2621 1033 2654 Catullum
1051 2622 1134 2653 haec
1151 2623 1267 2654 omnia
1283 2623 1412 2654 similia
1428 2622 1606 2660 uidentur,
1626 2622 1718 2652 sicut

172 2674 280 2705 etiam
297 2673 400 2713 Heyo
421 2673 510 2705 thes.
530 2673 614 2714 ling.
635 2673 713 2704 Lat.
734 2682 747 2704 1
769 2684 803 2714 p.
823 2674 905 2705 1898
923 2675 964 2706 35
980 2684 1053 2715 sq.;
1077 2684 1140 2705 nec
1165 2673 1289 2705 dubito
1312 2674 1397 2715 quin
1420 2673 1562 2705 futurus
1585 2673 1633 2704 sit
1656 2674 1716 2715 qui

173 2725 241 2757 huc
259 2724 381 2756 trahat
402 2735 435 2756 u.
452 2726 473 2756 4
494 2725 658 2756 carminis
678 2724 907 2756 semibarbari
929 2725 1026 2757 anth.
1048 2726 1124 2756 Lat.
1145 2725 1239 2757 Ries.
1260 2725 1340 2760 719¹
1359 2725 1512 2764 (P.L.M.
1534 2725 1657 2757 Baehr.
1678 2734 1718 2756 lv

172 2787 206 2818 p.
229 2777 303 2815 111)
321 2781 357 2807 ut
373 2781 469 2808 uacet
486 2775 691 2808 indomitum
710 2780 824 2816 pectus
841 2776 1013 2808 cmzicitiae
1030 2787 1141 2818 neque
1158 2777 1342 2818 intellegat
1357 2777 1514 2808 ordinem
1532 2787 1606 2808 esse
1621 2782 1717 2808 uacet

172 2827 357 2866 amicitiae,
387 2827 509 2859 datiuo
536 2838 628 2859 casu.
678 2828 750 2859 scio
774 2827 936 2869 equidem
960 2828 1137 2870 plerisque
1158 2828 1354 2870 Vergilium
1376 2828 1539 2860 similiter
1561 2828 1717 2860 locutum

173 2879 288 2911 uideri
311 2878 388 2910 buc.
410 2888 449 2910 IV
472 2880 524 2917 24,
545 2878 649 2911 herba
672 2879 813 2914 ueneni:
839 2879 868 2910 is
892 2890 974 2911 uero
998 2879 1091 2911 dixit
1111 2881 1303 2911 rectissime
1318 2880 1440 2920 fallax
1459 2880 1562 2911 herba
1582 2879 1714 2917 ueneni,
