1931 3202
207 117 266 156 48
808 118 869 160 M.
901 117 1034 160 MAN
1039 117 1151 159 ILII

383 227 516 269 Libra
537 228 652 284 regit
672 228 833 277 clunes,
854 232 899 270 et
920 227 1122 284 Scorpios
1144 229 1325 284 inguine
1346 229 1522 285 gaudet,

382 300 605 344 Centauro
628 302 794 344 femina
814 302 1039 352 accedunt,
1061 302 1355 358 Capricornus
1376 304 1576 359 utrisque

381 375 594 432 inperitat
613 376 810 432 genibus,
831 391 1008 417 crurum
1032 376 1260 419 fundentis
1281 377 1448 433 Aquari

256 459 320 491 465
379 450 613 492 arbitrium
635 454 714 500 est,
736 450 965 506 Piscesque
986 450 1146 506 pedum
1169 451 1251 492 sibi
1275 452 1372 493 iura
1392 454 1637 507 reposcunt.

439 524 545 579 quin
568 524 701 566 etiam
724 524 913 580 propriis
934 524 1050 566 inter
1070 540 1114 566 se
1136 525 1308 581 legibus
1329 529 1450 567 astra

380 598 661 647 conueniunt,
682 602 734 640 ut
754 602 873 640 certa
894 603 1052 655 gerant
1072 600 1331 642 commercia
1352 614 1510 648 rerum,

382 673 513 728 inque
535 673 675 714 uicem
697 675 926 728 praestant
948 673 1070 715 uisus
1090 677 1224 729 atque
1252 674 1434 716 auribus
1455 674 1639 716 haerent

381 750 461 788 aut
481 746 630 788 odium
653 746 865 788 foedusue
886 751 1059 803 gerunt,
1081 762 1377 803 conuersaque
1399 747 1616 803 quaedam

258 830 324 864 470
383 821 427 862 in
449 823 588 863 semet
609 821 785 877 proprio
805 821 1029 863 ducuntur
1050 822 1180 878 plena
1202 821 1366 864 fauore.

382 895 542 937 idcirco
563 895 761 937 aduersis
781 911 869 937 non
891 911 1134 951 numquam
1156 901 1214 938 est
1235 897 1382 952 gratia
1403 897 1554 952 signis,

207 1032 292 1059 sunt
379 1027 444 1058 462
467 1030 562 1066 regit
577 1027 650 1067 GL2,
665 1032 767 1066 reget
781 1031 840 1060 ΒΜ
927 1028 991 1059 463
1006 1028 1146 1069 femina
1159 1029 1266 1060 etiam
1280 1038 1319 1060 1v
1333 1030 1395 1063 708
1483 1028 1549 1060 464
1571 1031 1759 1068 imperitat

210 1079 403 1118 Bentleius,
429 1081 584 1118 imperat
608 1082 696 1118 (inp-
719 1082 767 1119 M)
791 1084 827 1111 et
849 1079 942 1118 libri,
969 1084 1010 1112 ut
1034 1079 1221 1111 durissime
1245 1080 1309 1112 hoc
1334 1091 1403 1112 uno
1427 1091 1530 1112 uersu
1556 1081 1759 1112 coniunctio

209 1134 336 1173 quarto
368 1130 442 1162 loco
474 1131 589 1173 posita
620 1131 678 1170 sit,
709 1142 797 1173 quae
828 1132 943 1163 tribus
971 1135 1112 1163 tautum
1139 1131 1183 1164 ad
1216 1131 1361 1164 tertium
1390 1131 1608 1171 detruditur,
1639 1141 1652 1163 1
1680 1133 1754 1171 619,

211 1191 238 1214 11
267 1182 342 1220 941,
373 1191 411 1213 lv
439 1183 512 1215 353.
563 1182 708 1214 Ellisius
739 1185 831 1214 noct.
861 1183 955 1214 Man.
982 1193 1040 1225 pp.
1068 1184 1110 1215 50
1138 1193 1203 1225 sq.,
1231 1194 1273 1215 ne
1297 1183 1457 1215 Bentleio
1485 1187 1638 1225 pareret,
1668 1183 1759 1215 hanc

208 1244 347 1265 causam
364 1237 581 1265 commentus
603 1238 667 1272 est,
688 1233 950 1275 frequentatiua
972 1234 1161 1266 Manilium
1184 1245 1262 1266 raro
1287 1238 1349 1266 aut
1369 1245 1562 1276 numquam
1584 1235 1753 1276 recipere,

210 1285 270 1327 qui
291 1295 398 1316 unum
421 1285 595 1317 uolitandi
618 1286 763 1317 uerbum
786 1286 866 1327 plus
889 1285 1099 1317 duodeciens
1122 1286 1264 1327 recepit,
1284 1290 1469 1327 praeterea
1489 1286 1594 1326 αῃίιο,
1618 1285 1755 1327 crepito,

209 1337 346 1375 domito,
368 1337 483 1378 sinito,
513 1337 620 1376 latito,
647 1337 799 1376 minitnr,
825 1337 895 1369 alia,
919 1337 1032 1369 multa
1110 1337 1296 1378 fundentis
1322 1338 1551 1379 participium
1575 1338 1760 1380 quaeritur

211 1399 292 1420 num
331 1388 492 1420 absolute
532 1389 613 1430 poni
650 1389 774 1430 possit,
816 1389 871 1420 cui
911 1393 1160 1430 praeterquam
1202 1388 1341 1420 duobus
1383 1389 1468 1421 locis
1509 1393 1572 1421 aut
1614 1388 1761 1421 additur

210 1440 444 1477 accusatiuus,
473 1449 502 1471 11
527 1441 591 1472 248
615 1444 651 1471 et
672 1440 736 1472 525
750 1440 907 1481 simulans
930 1445 959 1472 et
983 1440 1167 1481 Aquarius
1189 1441 1314 1479 undas,
1340 1441 1405 1472 492
1429 1442 1582 1472 iuuenem
1605 1445 1762 1473 aeternas

202 1492 405 1531 fundentem
421 1491 577 1524 Piscibus
599 1492 721 1530 undas,
741 1493 811 1523 Cic.
832 1492 957 1533 phaen.
978 1493 1042 1526 272
1063 1497 1140 1523 ante
1161 1492 1263 1532 pedes
1279 1492 1430 1531 ‚qelidnm
1445 1492 1562 1523 riuum
1576 1492 1762 1533 fundentis

210 1543 363 1584 Aquari,
393 1543 490 1575 anth.
524 1543 602 1576 Lat.
634 1543 728 1575 Ries.
760 1544 823 1575 622
852 1545 870 1576 6
896 1549 996 1585 atque
1023 1554 1158 1575 amnem
1175 1543 1333 1584 fimden-s·
1358 1549 1387 1575 et
1415 1544 1541 1582 Pisces,
1569 1546 1632 1576 aut
1657 1543 1761 1576 facile

210 1605 253 1626 ex
270 1595 439 1636 proximis
455 1594 611 1633 auditur,
632 1604 660 1626 11
679 1596 742 1627 505
763 1605 813 1636 sq.
834 1595 937 1626 oculis
959 1595 1072 1626 sinum
1086 1594 1270 1636 fundentis
1294 1595 1343 1634 (id
1366 1594 1564 1634 fundentis)
1587 1595 1729 1636 Aquari
1753 1594 1758 1638 Ι

210 1646 408 1686 conspicere.
458 1654 614 1688 superest
631 1650 772 1688 praeter
789 1646 881 1678 hunc
898 1657 1037 1678 uersum
1056 1646 1154 1685 alter,
1176 1645 1238 1678 sed
1258 1650 1457 1688 corruptus,
1477 1655 1506 1678 11
1522 1647 1588 1678 232
1607 1657 1760 1688 parsque

211 1697 352 1729 marina
382 1698 491 1729 nitens
511 1698 695 1738 fzcndentis
725 1709 857 1739 semper
886 1698 1039 1739 Aquari,
1074 1697 1135 1729 ubi
1166 1697 1348 1730 Bentleius
1386 1698 1530 1730 umentis
1561 1698 1760 1740 iterumque

212 1749 276 1781 hoc
293 1749 367 1781 loco
384 1760 588 1791 crurumque
606 1749 749 1781 umentis
765 1750 959 1792 proposuit.
1009 1749 1141 1781 leniore
1158 1750 1354 1781 mutatione
1368 1749 1582 1781 scriberetur
1590 1749 1762 1790 sulyentis

211 1800 350 1832 collatis
371 1800 442 1833 Cio.
467 1801 592 1843 phaen.
621 1802 683 1836 172
706 1801 880 1833 radiantis
900 1801 1054 1842 Aquari,
1079 1802 1181 1833 Arat.
1209 1801 1274 1833 392
1298 1803 1420 1841 ἀγαυοῦ
1438 1800 1634 1842 ’Τδροχόοιο,
1661 1801 1756 1834 Man.

214 1861 225 1883 1
247 1852 310 1885 275
336 1853 496 1893 s'ulyencz's
516 1852 666 1891 Arcto-33
691 1853 752 1884 sed
774 1853 829 1884 bis
851 1852 1015 1885 librarios
1038 1852 1103 1884 hoc
1127 1853 1160 1884 in
1187 1852 1275 1884 illud
1297 1853 1494 1894 corrupisse
1518 1863 1587 1884 non
1610 1857 1665 1885 est
1688 1853 1764 1885 ueri

212 1903 326 1935 simile
413 1904 566 1936 466-484
600 1905 727 1936 titulus
766 1905 801 1936 in
839 1907 898 1936 LM
938 1907 1100 1936 seruatus
1139 1904 1189 1936 sic
1227 1904 1433 1936 scribendus
1470 1907 1549 1936 est:
1587 1903 1762 1946 δέρκου-«ατη

213 1955 424 1994 cormmrcia,
443 1956 592 1995 aradibus,
613 1957 719 1994 uisus,
738 1966 871 1988 amores
892 1958 1013 1995 (mores
1034 1958 1119 1995 LM),
1138 1955 1221 1988 odia
1308 1955 1373 1986 468
1399 1957 1432 1987 in
1454 1955 1562 1988 uicem
1581 1960 1761 1997 praestant

214 2007 306 2039 uisus
337 2007 411 2039 siue
449 2012 572 2039 mutuo
610 2007 780 2040 uidentur
813 2018 902 2049 quae
935 2008 1013 2049 pari
1048 2008 1228 2049 utrimque
1263 2007 1379 2049 spatio
1415 2018 1435 2038 a
1471 2008 1618 2049 tropicis
1652 2008 1761 2049 signis

212 2057 346 2091 Cancro
378 2063 414 2091 et
441 2058 652 2101 Capricorno
680 2059 828 2098 distant,
858 2058 998 2091 Gemini
1027 2062 1063 2091 et
1095 2059 1176 2097 Leo,
1207 2059 1343 2090 Taurus
1370 2062 1408 2091 et
1434 2058 1555 2101 Virgo,
1590 2059 1694 2091 Aries
1725 2063 1762 2091 et

215 2109 331 2149 Libra,
362 2110 479 2142 Pisces
506 2114 543 2143 et
570 2110 747 2153 Scorpius,
777 2111 956 2153 Aquarius
983 2115 1019 2143 et
1047 2110 1272 2152 Sagittarius.
1322 2110 1407 2142 haec
1438 2110 1564 2142 Graeci
1593 2112 1761 2151 βλέποντα

213 2162 405 2194 nominant.
470 2162 506 2194 in
545 2162 653 2194 uicem
696 2162 838 2194 auribus·
881 2162 1021 2194 haerena
1064 2162 1138 2193 siue
1181 2173 1217 2194 se
1256 2165 1380 2194 mutuo
1422 2161 1574 2194 audiunt
1617 2162 1761 2204 paribus

213 2213 412 2245 interuallis
438 2213 482 2245 ab
510 2213 826 2255 aequinoctialibus
857 2214 965 2256 signis
991 2214 1114 2246 Ariete
1144 2217 1181 2245 et
1209 2213 1314 2245 Libra
1344 2213 1528 2252 distantia,
1559 2213 1696 2246 Taurus
1726 2216 1763 2246 et

215 2264 342 2303 Pisces,
376 2264 516 2297 Gemini
547 2268 584 2297 et
620 2266 810 2307 Aquarius,
845 2265 978 2298 Cancer
1009 2272 1046 2297 et
1075 2265 1322 2307 Capricornus,
1357 2265 1428 2297 Leo
1465 2269 1502 2296 et
1533 2264 1757 2307 Sagittarius,

215 2316 325 2358 Virgo
354 2322 391 2349 et
423 2317 598 2359 Scorpius.
648 2317 734 2349 haec
765 2317 859 2359 apud
887 2317 1039 2349 Graecos
1066 2316 1170 2348 modo
1198 2318 1354 2348 ἀκούοντα
1383 2316 1486 2348 modo
1513 2318 1763 2357 προστάσσοντα

216 2370 268 2400 καὶ
299 2369 499 2400 ὑπακούοντα
525 2368 703 2407 dicuntur,
734 2373 768 2400 et
797 2369 848 2400 ita
874 2368 1019 2410 quidem
1049 2373 1090 2400 ut
1121 2369 1297 2410 imperent
1327 2368 1618 2410 septentrionalia
1649 2368 1763 2406 (uelut

215 2419 352 2452 Taurus
388 2420 573 2459 Piscibus),
607 2420 778 2452 australia
812 2420 1014 2459 oboediant,
1048 2420 1148 2451 cuius
1183 2419 1397 2451 discriminis
1432 2419 1601 2451 Manilius
1631 2430 1764 2452 memor

215 2471 285 2503 fuit
301 2480 330 2503 11
351 2473 426 2504 504.
475 2473 572 2504 uisus
594 2472 808 2513 auditusque
829 2472 1006 2514 signorum
1031 2471 1192 2503 ueisibus
1213 2473 1365 2503 485-514
1386 2474 1611 2513 exponuntur
1697 2470 1763 2502 469

214 2523 331 2554 odium
355 2533 444 2565 quae
471 2527 610 2565 gerunt,
640 2523 800 2555 uersibus
831 2524 983 2555 520-580
1013 2526 1286 2560 enumcrantur3
1325 2533 1413 2564 quae
1432 2522 1572 2563 foedus,
1601 2522 1762 2555 uersibus

215 2575 387 2607 flos-640:
423 2575 584 2616 sequitur
610 2576 671 2607 641
700 2574 748 2607 sic
775 2575 838 2607 erit
865 2585 881 2606 e
908 2574 1014 2614 siquis
1040 2574 1177 2606 odium
1206 2573 1268 2605 cibi
1292 2584 1457 2615 paxque
1487 2573 1651 2606 notanda.
1700 2573 1762 2606 sed

214 2636 303 2667 quae
330 2626 430 2668 signa.
456 2637 620 2658 conuersa
643 2626 679 2658 in
703 2631 801 2657 semel
825 2626 972 2667 proprio
995 2626 1167 2658 ducantur
1184 2626 1290 2666 plena
1303 2625 1433 2666 fattore
1457 2635 1568 2667 neque
1592 2625 1762 2657 Manilius

216 2687 363 2718 usquam
394 2677 514 2709 docuit
545 2688 656 2719 neque
687 2677 781 2719 apud
812 2677 899 2709 alios
931 2688 984 2709 me
1012 2677 1126 2719 legere
1158 2677 1310 2708 memini.
1371 2676 1547 2708 falluntur
1577 2677 1669 2708 enim
1700 2677 1762 2719 qui

215 2728 287 2760 tale
314 2728 448 2771 aliquid
476 2739 533 2760 uu.
565 2730 629 2761 485
659 2734 695 2760 ct
722 2730 782 2761 501
817 2728 860 2761 de
892 2729 1015 2760 Ariete
1050 2728 1222 2770 Libraque
1253 2727 1347 2760 tradi
1378 2731 1518 2769 putant,
1549 2739 1662 2770 neque
1693 2728 1761 2760 huc

216 2780 338 2812 referri
361 2790 460 2822 posse
484 2780 626 2812 uidetur
649 2780 743 2822 quod
767 2791 825 2812 uu.
853 2781 917 2812 494
940 2791 990 2822 sq.
1018 2784 1054 2812 et
1077 2781 1139 2814 507
1164 2790 1214 2822 sq.
1241 2784 1278 2811 et
1304 2779 1438 2812 Cancer
1464 2783 1502 2811 et
1527 2778 1761 2821 Capricornus

216 2831 312 2863 uisus
349 2832 385 2863 in
423 2842 459 2863 se
490 2835 694 2863 conuertere
725 2831 856 2863 dicitur
957 2831 1020 2862 471
1052 2839 1317 2869 nonnumquam
1347 2834 1384 2870 G,
1417 2840 1487 2863 non
1516 2839 1686 2869 umquam
1723 2834 1757 2867 L,

216 2891 348 2915 nouum
378 2891 484 2921 quam
516 2886 549 2914 Μ
637 2886 692 2915 est
723 2882 864 2915 addidit
895 2883 1088 2922 Bentleius,
1121 2882 1214 2924 quod
1246 2882 1359 2914 multo
1389 2882 1528 2914 facilius
1558 2893 1579 2914 a
1608 2881 1761 2914 librariis
