1931 3202
592 119 1076 163 ASTRONOMICON
1118 118 1167 160 II
1595 118 1650 159 33

280 235 431 277 euenit
451 239 513 283 ut,
533 234 676 290 prima
697 233 812 288 signi
834 232 888 274 de
909 235 1036 288 parte
1056 230 1216 287 prioris

280 309 316 350 si
337 311 509 365 partem
530 308 587 349 ad
608 321 824 349 summam
846 306 1034 348 ducatur
1056 305 1184 360 uirga
1205 304 1441 359 sequentis,

156 392 220 425 325
280 383 348 425 bis
368 396 610 438 sexagenas
630 381 792 431 faciat3
823 380 891 422 sin
914 393 1085 422 summa
1105 378 1266 435 prioris

279 461 324 499 et
343 471 445 513 pars
465 455 692 498 confertur
713 454 936 496 subiuncti
959 454 1112 510 prima,
1136 452 1324 494 duorum

280 531 506 586 signorum
527 530 574 571 in
593 529 738 571 medio
758 542 991 570 numerum
1011 527 1240 582 transique
1261 525 1475 581 referque,

282 605 469 661 triginta
489 603 687 660 duplicat
707 606 865 659 partes,
887 617 988 658 pars
1010 601 1144 643 tertia
1164 600 1347 654 dee1·it);

282 683 337 728 et,
360 678 562 734 quamuis
582 680 790 733 quartum
812 691 838 717 a
859 679 1018 732 quarto
1039 675 1137 729 quis
1157 677 1383 731 computet
1402 676 1583 723 astrum,

159 763 224 795 330
282 752 566 808 naufragium
589 752 754 793 facient
774 754 922 807 partes
943 750 1074 791 unius
1095 750 1141 790 in
1162 749 1280 805 ipsis,

107 875 227 914 partes
242 874 406 913 quartam
421 871 533 903 totius
549 870 685 902 numeri
702 869 867 908 efficiant,
886 869 1005 900 euenit
1021 872 1062 900 ut
1078 871 1248 909 quattuor
1264 868 1363 908 signa
1384 867 1516 898 iustum
1533 866 1655 898 lateris

110 922 250 955 modum
277 931 356 954 xxx
382 922 544 964 partibus
571 921 754 959 excedant,
785 919 921 952 duobus
949 919 1057 961 signis
1085 918 1128 950 ad
1159 918 1309 951 eundem
1336 917 1548 960 explendum
1575 926 1654 949 xxx

110 978 228 1017 partes
248 974 391 1012 desint,'
412 978 475 1005 aut
495 976 590 1005 certe
611 973 671 1011 sic,
694 976 701 989 ‘
715 983 793 1004 cum
810 971 948 1012 singula
963 971 1063 1012 signa
1079 979 1158 1002 xxx
1179 975 1299 1012 partes
1320 969 1517 1009 obtineant,
1536 968 1656 1001 euenit

112 1030 152 1058 ut
167 1029 338 1068 quattuor
353 1026 452 1067 signa
467 1034 540 1057 cxx
556 1030 687 1066 partes,
703 1023 773 1055 duo
789 1032 835 1055 Lx
854 1022 1062 1055 obtineant.'
1107 1021 1303 1053 cuiusmodi
1319 1025 1373 1053 est
1389 1021 1482 1063 quod
1499 1020 1652 1053 restitui.

111 1088 190 1108 cum
213 1077 324 1109 totius
347 1077 483 1108 numeri
507 1087 564 1108 uu.
585 1077 647 1110 307
670 1086 718 1117 sq.
746 1075 878 1107 recensi
902 1078 1020 1116 partes
1044 1074 1198 1105 tricenae
1223 1083 1284 1115 per
1307 1072 1422 1104 sidera
1445 1072 1657 1104 distributae

110 1128 284 1171 quadrum
307 1129 382 1160 siue
404 1129 604 1169 τετράγωνον
629 1127 792 1165 reddant,
814 1126 879 1158 hoc
902 1130 956 1157 est
980 1136 1058 1157 cuin
1082 1124 1220 1166 singula
1244 1124 1343 1166 signa
1366 1124 1516 1166 triginta
1538 1126 1658 1166 partes

111 1179 338 1212 contribuant
354 1179 400 1211 ad
415 1179 589 1221 quadrum
606 1178 837 1215 efficiendum,
853 1177 935 1209 inde
952 1177 1070 1208 euenit
1085 1181 1125 1208 ut
1137 1179 1308 1218 quattuor
1320 1175 1421 1217 signa
1437 1184 1509 1207 cxx
1525 1178 1656 1217 partes,

112 1232 181 1263 duo
197 1232 297 1274 signa
312 1240 360 1263 Lx
376 1235 494 1272 partes
507 1230 710 1272 possideant
724 1242 732 1268 3
756 1240 905 1271 quarum
918 1238 1131 1259 summarum
1144 1233 1271 1259 neutra
1284 1231 1409 1269 quater
1422 1227 1661 1269 multiplicata

110 1283 220 1315 efficit
241 1291 364 1322 CCCLX,
389 1286 431 1314 ut
453 1293 517 1325 pro
540 1282 667 1324 quadri
690 1281 800 1313 latere
824 1291 897 1312 esse
921 1280 1042 1321 possit.
1092 1279 1137 1311 ad
1163 1279 1269 1311 uerba
1291 1278 1385 1320 quod
1410 1279 1550 1316 attinet,
1576 1278 1659 1310 uide

113 1344 158 1366 111
174 1335 239 1367 492
254 1345 304 1377 sq.
325 1345 367 1366 ex
382 1335 445 1366 hac
473 1333 650 1365 tricenas
673 1343 806 1364 summa
829 1343 901 1373 per
923 1331 1062 1363 sidera
1087 1335 1229 1371 parte-s·
1251 1333 1255 1371 Ι
1275 1331 1462 1362 distribues.
1512 1333 1661 1372 apparet

110 1385 198 1429 quid
219 1386 262 1418 de
283 1386 432 1418 aliorum
453 1385 664 1417 coniecturis
685 1387 852 1422 statuam,
873 1383 1010 1415 Bentlei
1032 1387 1219 1423 noussentae
1236 1381 1364 1420 (uoluit
1380 1381 1580 1421 ηοηαῃίπία,
1599 1380 1660 1413 sed

113 1449 182 1470 non
206 1437 358 1469 inultum
380 1438 552 1476 interest),
581 1435 700 1468 Iaeobi
723 1441 774 1467 ter
797 1435 935 1476 quadra
961 1436 1068 1473 (neut.
1094 1434 1204 1475 plur.)
1230 1433 1384 1474 triyinca,
1411 1433 1584 1475 Postgatii
1613 1437 1664 1465 ter

113 1489 252 1531 quadra
280 1488 372 1528 (fem.
401 1489 506 1530 sing.)
531 1488 674 1529 criyiuta
691 1512 698 1519 .
720 1512 727 1519 .
749 1511 756 1519 .
776 1487 900 1518 reddat
994 1485 1056 1516 323
1080 1489 1161 1527 post
1186 1484 1247 1515 325
1273 1484 1422 1516 collocat
1448 1487 1494 1516 G:
1529 1483 1663 1516 scilicet

111 1551 192 1573 cum
208 1541 273 1573 324
288 1550 338 1582 sq.
354 1543 500 1582 propter
515 1539 833 1575 homoeoteleuton,
848 1539 941 1569 sicut
956 1538 992 1569 in
1006 1536 1106 1568 Voss.
1123 1537 1187 1569 390
1203 1536 1335 1568 factum
1353 1540 1417 1575 est,
1434 1535 1659 1575 excidissent,

114 1593 227 1624 alieno
243 1591 318 1624 loco
339 1591 486 1633 repositi
506 1595 590 1623 sunt
678 1592 799 1622 euenit
815 1589 887 1627 GL2,
908 1593 944 1621 et
959 1591 1059 1620 uenit
1075 1591 1133 1620 LM
1221 1587 1351 1627 prioris
1369 1598 1412 1619 ex
1435 1586 1571 1619 duobus
1593 1587 1664 1619 illis

113 1644 224 1685 signis
239 1642 466 1685 angularibus
487 1642 530 1674 de
551 1642 679 1684 quibus
700 1642 905 1683 quaeritur:
931 1651 1009 1671 mox
1027 1639 1193 1681 sequentis
1209 1643 1245 1671 et
1261 1638 1428 1670 subiuncti
1449 1638 1542 1670 idem
1559 1638 1661 1680 signi-

115 1695 223 1727 ficant
235 1694 330 1737 quod
341 1705 374 1727 u.
390 1695 454 1726 314
465 1694 557 1726 laeui
637 1693 698 1724 325
724 1695 779 1724 sin
791 1693 874 1730 ΠΜ,
889 1695 927 1723 in
939 1695 989 1724 GL
1069 1691 1132 1722 326
1157 1693 1337 1722 subiuncti
1349 1690 1661 1732 Regiomontanus,

114 1748 313 1779 subiunctis
329 1746 411 1778 libri
500 1745 562 1777 327
585 1747 771 1783 transique
787 1747 948 1782 referque
959 1744 992 1782 ff,
1007 1745 1210 1781 transitque
1226 1746 1407 1780 refertque
1423 1742 1504 1774 libri
1521 1747 1665 1784 propter

117 1798 291 1840 coyffertur
310 1802 347 1830 et
366 1797 533 1838 duplicat,
552 1796 691 1828 sublata
712 1796 882 1828 orationis
904 1799 1095 1827 structura.
1144 1805 1225 1826 nam
1247 1796 1283 1825 et
1304 1794 1545 1826 nominatiuus
1565 1793 1666 1826 deest

118 1850 264 1888 (frustra
274 1850 366 1881 enim
377 1849 498 1881 adesse
508 1849 631 1880 iubent
641 1848 744 1887 uirgsa
755 1858 797 1879 ex
809 1847 943 1889 protasi
957 1846 1134 1878 enuntiati
1147 1846 1251 1877 aliter
1264 1845 1471 1877 conformati
1484 1845 1662 1887 petitum),

116 1906 155 1933 et
175 1901 270 1933 ultra
290 1901 434 1933 modum
454 1899 634 1932 incondite
655 1900 705 1931 sic
726 1899 833 1930 uerba
854 1898 1075 1940 copulantur,
1096 1897 1285 1938 transitque
1306 1898 1475 1938 refertque
1496 1896 1661 1938 duplicat.

117 1956 266 1995 apparet
281 1953 494 1985 sententiam
511 1962 584 1983 esse
600 1951 727 1983 debere
747 1954 755 1967 ⁴
767 1951 796 1982 si
813 1962 833 1982 a
849 1961 984 1982 summa
999 1950 1127 1991 prioris
1142 1952 1244 1991 parte
1260 1948 1304 1980 ad
1321 1948 1499 1980 subiuncti
1516 1949 1665 1990 primam

118 2014 353 2043 numeramus,
391 2007 510 2045 partes
547 2002 637 2034 fiunt
668 2001 741 2041 Lx,'
774 2006 815 2034 ut
845 2001 1007 2044 apodosis
1041 2000 1159 2032 uerbis
1190 2000 1334 2040 triqinta
1365 2000 1520 2040 duplicat
1545 2005 1666 2041 partes

117 2055 344 2088 contineatur
357 2067 366 2094 ;
389 2066 452 2097 pro
464 2065 643 2087 numerum
656 2054 758 2094 refert
771 2054 902 2095 requiri
916 2053 987 2084 fere
1000 2053 1050 2084 ita
1067 2058 1103 2084 uc
1120 2062 1277 2084 numerus
1288 2051 1470 2092 referatur.
1517 2051 1664 2093 impera-

119 2108 216 2139 tinus
232 2108 283 2139 ita
299 2107 443 2149 ponitur
458 2110 500 2138 ut
515 2106 594 2138 qu.
614 2115 686 2137 X111
702 2106 744 2137 26
760 2116 810 2147 sq.
833 2105 909 2136 rari
925 2105 1050 2145 quippe
1068 2103 1153 2142 boni,
1173 2114 1329 2142 numera,
1348 2103 1409 2134 uix
1429 2108 1506 2134 sunl
1527 2102 1665 2134 totidem

119 2164 199 2200 quot
221 2158 225 2199 Ι
250 2158 441 2190 Thebarum
458 2163 593 2199 portae,
621 2157 754 2190 Colum.
775 2166 797 2187 v
817 2157 838 2188 2
854 2158 874 2188 5
891 2157 978 2187 huuc
1002 2166 1181 2187 nnmerum
1205 2156 1239 2186 in
1262 2166 1293 2186 se
1316 2154 1555 2195 multiplicato,
1571 2154 1666 2195 fiunt

116 2210 245 2252 pedum
261 2209 449 2251 nouayinta
465 2208 564 2241 milia
578 2222 585 2241 ς
610 2209 640 2240 si
656 2219 837 2240 numerum
853 2211 1010 2240 transeas
1024 2207 1232 2248 referasque,
1249 2206 1406 2238 inuenies
1422 2216 1500 2237 eum
1518 2205 1667 2247 triginta

120 2265 241 2304 partes
253 2261 452 2303 duplicare3
472 2271 535 2292 nec
548 2260 769 2292 dissimiliter
782 2261 856 2301 ipse
871 2259 902 2291 M
911 2259 1040 2290 anilius
1053 2268 1076 2289 v
1087 2259 1129 2290 46
1142 2269 1192 2299 sq.
1207 2258 1282 2290 tolle
1295 2257 1374 2290 sitos
1386 2262 1479 2289 ortus
1492 2257 1667 2289 hominum

120 2313 180 2345 sub
200 2313 310 2345 sidere
329 2312 404 2352 tali,
427 2312 431 2353 Ι
453 2312 628 2344 sustuleris
644 2312 765 2343 bellum
785 2311 920 2343 Troiae.
970 2315 1126 2342 ceterum
1143 2309 1254 2341 transi
1270 2309 1334 2340 hoe
1351 2319 1453 2340 uersu
1470 2313 1667 2340 transcurre

119 2364 307 2407 significat,
323 2368 364 2396 ut
380 2373 393 2396 1
410 2365 474 2398 378
490 2368 527 2396 et
543 2373 582 2395 Ν
599 2364 674 2402 398,
689 2373 757 2394 non
775 2362 923 2401 transili,
943 2366 984 2393 ut
1000 2371 1029 2393 11
1045 2362 1109 2393 368
1198 2360 1260 2392 328
1279 2360 1434 2401 duplicat
1455 2360 1484 2392 is
1500 2369 1667 2392 numerus

208 2416 376 2448 audacter
398 2426 492 2455 sane,
519 2415 579 2446 sed
604 2416 678 2446 sine
702 2414 775 2445 ulla
796 2413 1038 2455 ambiguitate,
1062 2413 1162 2444 iuxta
1183 2415 1364 2454 ponuntur
1385 2411 1530 2452 triyirzta
1546 2417 1667 2452 parces

120 2467 215 2500 orbis
232 2467 497 2500 trecentesimae
518 2467 754 2507 sexagesimae
770 2469 807 2497 et
824 2476 911 2506 pars
933 2465 1035 2496 tercia
1056 2464 1130 2496 siue
1152 2465 1264 2495 triens
1286 2474 1441 2495 summae
1465 2462 1667 2495 efficiendae

207 2519 375 2559 duplicat,
393 2518 510 2556 deerit,
534 2527 579 2549 111
597 2518 660 2550 345
682 2528 732 2559 sq.
758 2517 919 2558 effiminat
937 2541 944 2548 .
966 2541 973 2548 .
995 2540 1001 2547 .
1023 2516 1098 2554 erit,
1122 2516 1229 2548 350-4
1250 2515 1391 2556 efficitur
1406 2540 1413 2547 .
1436 2539 1443 2547 .
1465 2539 1472 2546 .
1487 2514 1581 2555 perit
1597 2538 1605 2546 .
1626 2539 1633 2546 .
1655 2538 1664 2547 .

120 2575 329 2612 quaeremur
344 2594 352 2602 .
373 2594 381 2602 .
402 2594 409 2602 .
429 2570 607 2608 abducent,
621 2569 762 2607 567—80,
779 2577 819 2600 lv
834 2568 954 2606 495-7,
969 2569 1033 2600 544
1049 2578 1100 2609 sq.
1193 2566 1256 2597 329
1275 2572 1304 2598 ει
1321 2566 1521 2598 coniunctio
1537 2565 1668 2608 quique

122 2632 198 2654 eam
220 2625 416 2664 sequuntur
436 2632 559 2653 uersus
581 2621 650 2652 duo
673 2630 742 2652 non
766 2619 812 2651 ad
835 2620 994 2661 proxime
1017 2618 1266 2660 praecedentia
1289 2620 1452 2659 spectant
1475 2616 1536 2649 sed
1559 2616 1605 2649 ad
1629 2627 1663 2649 u.

120 2674 205 2712 320;
236 2683 316 2704 nam
340 2673 376 2704 in
398 2683 509 2714 praua
533 2672 668 2704 ratione
689 2682 748 2704 uu.
775 2671 882 2703 3⁶25—8
907 2671 1067 2712 exposita
1088 2680 1158 2702 non
1182 2670 1286 2701 unius
1308 2680 1351 2700 ex
1372 2673 1542 2710 quattuor
1563 2668 1669 2700 astris

123 2730 242 2766 partes
272 2723 494 2766 naufragium
525 2724 662 2755 faciunt
693 2723 753 2754 sed
792 2722 874 2761 duo,
906 2722 1060 2763 primum
1099 2724 1135 2753 et
1173 2724 1381 2758 extremum,
1415 2719 1664 2752 excluduntur.

122 2786 229 2817 quare
251 2775 335 2807 olim
359 2775 422 2807 329
444 2785 493 2817 sq.
514 2774 598 2806 illuc
621 2773 791 2806 transtuli
881 2773 944 2804 330
976 2772 1203 2814 ozazifrayium
1219 2772 1366 2812 jacient,
1392 2773 1670 2811 ἀφανισθήσονται

123 2837 235 2869 neque
262 2837 381 2859 earum
407 2827 581 2858 rationem
604 2825 751 2857 habebit
777 2825 837 2866 qui
865 2828 960 2856 recte
988 2824 1139 2856 calculos
1166 2823 1360 2855 subducere
1383 2822 1558 2854 didicerit.
1607 2821 1669 2855 sed

122 2879 160 2910 in
190 2878 285 2919 ipsis,
318 2878 348 2910 si
378 2877 423 2910 ad
453 2881 572 2920 partes
610 2877 772 2915 refertur,
807 2876 1032 2919 nugatorium
1071 2879 1137 2914 est,
1170 2875 1224 2907 sin
1262 2874 1308 2907 ad
1345 2877 1452 2914 astra,
1493 2874 1668 2907 soloecum

884 2929 908 2958 C
