1931 3202
585 114 1070 159 ASTRONOMICON
1110 114 1160 158 II
1593 119 1644 159 91

154 236 220 269 820
278 227 519 283 proximus,
539 230 606 269 est
627 227 717 268 ima
737 241 1005 282 quamquam
1027 227 1218 269 statione
1239 227 1418 276 locatus,

278 301 469 343 sustinet
486 301 677 343 aeternis
698 301 852 343 nixum
875 301 1096 343 radicibus
1116 300 1278 350 orbem,

280 375 437 417 effectu
457 376 601 417 minor
621 375 668 415 in
689 375 831 431 specie
853 374 928 416 sed
950 375 1090 416 maior
1110 375 1156 415 in
1177 389 1271 417 usu.

279 447 571 491 fundamenta
591 452 713 491 tenet
734 464 881 491 rerum
902 463 1144 504 censusque
1165 449 1395 505 gubernat,

280 537 412 578 quam
433 526 532 565 rata
552 523 644 568 sint
663 522 804 572 fossis,
826 527 1062 572 scrutatur,
1084 526 1190 565 uota
1210 523 1399 564 metallis

156 604 221 637 825
280 599 413 652 atque
434 611 490 638 ex
510 597 680 638 occulto
701 600 917 652 quantum
938 597 1192 652 contingere
1213 597 1361 652 possit.

279 671 440 713 tertius
460 675 592 726 atque
613 671 678 712 illi
699 671 858 713 tollens
878 671 924 712 in
944 674 1084 727 parte,
1103 671 1319 713 nitentem

106 829 271 861 quemque
292 823 483 861 poneretur
505 819 671 851 obstabat
694 819 788 862 quod
815 819 915 851 uerbi
942 819 1111 851 infinitiui
1130 819 1338 859 subiectum,
1365 830 1433 861 quo
1459 831 1532 859 sua,
1561 820 1654 852 sicut

107 881 142 903 u.
175 871 240 903 818
269 870 351 910 suis,
380 870 603 902 referendum
632 874 698 910 est,
732 873 873 902 tantum
904 871 939 902 in
970 871 1087 902 animo
1118 873 1304 913 cogitatur.
1355 871 1415 903 sed
1445 872 1552 903 etiam
1579 872 1654 904 sine

107 921 280 954 eiusmodi
306 933 411 954 causa
437 922 597 963 cuiusque
618 923 772 964 ponitur,
802 922 863 954 ubi
885 922 1139 964 expectabatur
1166 923 1331 963 quodque,
1363 923 1398 954 in
1424 922 1496 956 Cic.
1523 923 1567 955 de
1591 923 1651 955 fin.

109 984 133 1004 v
157 974 199 1006 69
219 973 266 1006 eis
283 998 290 1006 .
311 998 319 1005 .
341 998 348 1005 .
367 973 494 1015 officiis,
522 984 608 1014 quae
633 974 794 1005 oriuntur
819 984 842 1005 a
868 984 927 1005 suo
951 974 1109 1014 cuiusque
1132 984 1248 1014 gyeuere
1276 974 1427 1012 uirtutis,
1461 976 1560 1006 cuius
1587 975 1656 1007 loci

110 1024 313 1067 Maduigius
329 1025 507 1057 difficilem
520 1031 557 1057 et
572 1036 752 1067 operosam
765 1025 981 1067 excogitauit
993 1025 1264 1066 explicationem
1353 1025 1417 1056 820
1433 1026 1657 1068 interpunxit

109 1076 228 1118 Fayus
315 1076 377 1107 821
401 1079 558 1109 aeternis
585 1077 740 1119 Scaliger
767 1076 820 1108 ed.
851 1078 866 1108 1
895 1082 932 1108 et
957 1076 1148 1114 Bentleius,
1174 1080 1324 1109 alternis
1348 1080 1406 1115 GL,
1434 1080 1584 1109 alterius
1607 1081 1651 1110 M.

109 1128 218 1160 miror
247 1127 462 1170 Scaligerum
486 1131 610 1170 postea
636 1128 778 1160 alteruis
802 1127 1000 1159 defendisse
1027 1128 1165 1160 collatis
1190 1129 1254 1160 804
1281 1139 1346 1170 sq.,
1373 1129 1519 1170 proinde
1542 1130 1653 1171 quasi,

110 1180 194 1221 quia
218 1182 388 1221 quattuor
413 1179 572 1211 cardines
597 1179 733 1211 alterna
757 1184 851 1211 sorte
875 1179 994 1211 orbem
1014 1180 1207 1222 excipiunt,
1230 1183 1417 1221 propterea
1438 1181 1530 1212 imus
1550 1180 1656 1212 cardo

110 1230 258 1263 alternis
276 1241 356 1263 eum
377 1231 555 1263 radicibus
574 1231 748 1263 sustineat
835 1234 958 1262 nixum
979 1231 1079 1263 codd.
1101 1232 1179 1263 Par.
1200 1236 1237 1263 et
1257 1231 1410 1270 Monac„
1428 1234 1580 1264 mixtum
1595 1235 1656 1264 GM

113 1285 149 1314 et
165 1293 251 1314 corr.
271 1293 314 1314 ex
337 1285 500 1314 muxtum
518 1286 560 1314 ut
578 1282 721 1314 uidetur
740 1285 772 1314 1..
821 1293 865 1314 ne
885 1283 949 1314 hoc
968 1282 1122 1324 quidem,
1144 1283 1286 1314 alternis
1310 1283 1457 1315 mixtum
1481 1283 1657 1316 radicibus

110 1333 235 1373 orbem,
263 1334 369 1366 nimis
395 1333 587 1366 absurdum
613 1334 727 1365 uisum
754 1336 808 1365 est
835 1334 1007 1365 Becherto
1095 1333 1159 1365 822
1186 1337 1301 1372 specie
1328 1334 1493 1376 Scaliger,
1523 1338 1657 1373 species

111 1385 206 1424 libri,
239 1385 407 1426 speciem.
425 1409 432 1417 .
454 1410 461 1417 .
481 1396 580 1417 usum
614 1385 797 1417 Bentleius
827 1385 976 1417 fortasse
1007 1389 1114 1423 recte,
1147 1396 1358 1427 quamquam
1389 1386 1494 1418 aliter
1525 1386 1657 1418 dicitur

110 1446 136 1467 v
161 1437 224 1469 152
242 1447 292 1478 sq.
316 1447 375 1469 nec
397 1436 434 1468 in
458 1447 556 1468 usum
579 1437 727 1476 teqmiua
755 1437 886 1478 plantis
906 1438 910 1478 Ι
931 1437 989 1468 sed
1015 1436 1157 1477 speciem
1185 1437 1259 1476 (ubi
1287 1437 1368 1469 libri
1395 1438 1527 1478 specie).
1575 1438 1658 1470 uide

107 1487 152 1520 ad
186 1497 216 1520 11
247 1488 311 1523 739
341 1488 513 1520 adnotata
601 1487 750 1519 823-825
782 1488 889 1520 Firm.
926 1497 954 1519 11
983 1489 1022 1520 19
1053 1490 1072 1520 5
1103 1494 1249 1529 quartu-9
1279 1489 1321 1520 ab
1352 1489 1534 1530 horoscopo
1565 1490 1657 1522 locus

109 1539 183 1582 (qui
205 1540 298 1572 hunc
314 1539 492 1571 cardinem
509 1540 681 1579 continet)
700 1564 707 1571 .
728 1565 735 1571 .
758 1564 764 1571 .
785 1540 928 1572 ostendit
944 1540 1038 1572 uobis
1054 1564 1061 1571 .
1083 1565 1090 1572 .
1112 1564 1119 1571 .
1136 1540 1399 1580 patrimonium,
1418 1541 1654 1580 substantiam,

99 1591 335 1632 fundamenta
351 1616 359 1623 .
381 1616 388 1623 .
410 1616 417 1623 .
438 1596 468 1623 et
492 1591 662 1632 quidquid
683 1591 731 1623 ad
753 1591 893 1623 latentes
917 1597 946 1623 et
970 1591 1136 1632 repositas
1158 1592 1362 1632 patrimonii
1375 1593 1524 1633 pertinet
1539 1593 1656 1634 facul—

110 1648 206 1682 tates,
234 1643 332 1675 Paul.
361 1642 464 1675 Alex.
494 1643 522 1674 L
552 1644 573 1674 4
604 1645 671 1674 ἔστι
704 1644 738 1674 δὲ
766 1644 782 1674 ὁ
806 1645 907 1674 τόποσ
938 1645 1009 1683 περὶ
1037 1645 1171 1683 ἐγγείων
1199 1645 1251 1674 καὶ
1279 1645 1432 1682 θεμελίων
1450 1668 1457 1676 .
1479 1669 1487 1676 .
1508 1669 1515 1676 .
1536 1657 1656 1683 σημαν-

110 1696 212 1734 τικόσ,
235 1694 296 1726 ubi
317 1695 424 1726 certis
443 1694 709 1726 condicionibus
728 1695 945 1726 constitutus
966 1695 1139 1727 Saturnus
1159 1695 1304 1736 planeta
1323 1698 1499 1727 πλουσίουσ-
1521 1697 1657 1728 δείκνυσι

140 1770 147 1778 .
169 1771 176 1778 .
197 1748 250 1778 καὶ
267 1747 451 1787 εὑρημάτων
474 1747 570 1787 δοτὴρ
590 1748 750 1786 γίγνεται,
778 1745 955 1778 C.C.A.G.
980 1755 1009 1777 11
1028 1756 1061 1788 p.
1090 1747 1150 1779 197
1171 1747 1257 1778 31-3
1280 1748 1335 1785 (ex
1357 1747 1550 1786 Dorotheo)
1570 1749 1607 1780 τὸ
1624 1749 1658 1779 δὲ

108 1799 261 1838 ὑπόγειον
288 1799 367 1829 τοὺσ
394 1799 547 1838 κρυφίουσ
573 1798 697 1829 τόπουσ
725 1799 781 1828 τοῦ
805 1798 958 1835 σώματοσ
985 1800 1038 1829 καὶ
1067 1799 1196 1835 θεμέλια
1224 1800 1276 1829 καὶ
1304 1800 1426 1830 κτίσεισ·
1453 1801 1504 1830 καὶ
1532 1801 1658 1840 ἀγοράσ

108 1851 252 1889 (ἔλαχε),
270 1849 370 1881 Vett.
390 1848 470 1881 Val.
491 1859 524 1891 p.
545 1849 608 1881 335
625 1850 688 1881 3-5
709 1850 725 1880 ὀ
747 1850 780 1880 δὲ
794 1847 833 1881 δ’.
855 1874 862 1881 .
884 1874 891 1881 .
913 1851 983 1889 περὶ
1000 1851 1160 1887 μυστικῶν
1182 1851 1201 1888 ἢ
1218 1852 1410 1890 ἀποκρύφων
1430 1853 1483 1882 καὶ
1503 1852 1656 1889 θεμελίων

110 1902 165 1932 καὶ
187 1902 358 1939 κτημάτων
381 1902 433 1931 καὶ
457 1901 639 1941 εὑρημάτων
659 1902 764 1932 τόποσ
851 1900 915 1932 824
938 1900 1000 1931 825
1023 1900 1091 1933 del.
1117 1901 1298 1932 Bentleius
1386 1901 1450 1932 824
1467 1905 1550 1934 rata
1571 1901 1655 1942 L2M,

106 1960 195 1984 rara.
217 1955 267 1984 GL
354 1955 537 1984 scrutatur
564 1952 876 1994 Regiomontanus,
910 1955 1118 1984 scrutantur
1148 1952 1230 1983 libri
1268 1956 1413 1994 propter
1449 1953 1525 1986 siut.
1576 1953 1654 1986 Sen.

111 2002 196 2036 Oed.
216 2004 281 2038 372
303 2008 492 2035 scrutemur
515 2004 604 2035 uude
629 2008 743 2035 cautus
770 2003 824 2035 hic
848 2003 933 2035 extis
959 2003 1063 2043 riqor.
1114 2004 1174 2035 sed
1205 2004 1340 2035 incerta
1367 2005 1564 2037 emendatio
1590 2009 1656 2044 est,

112 2055 199 2086 mire
230 2055 323 2086 enim
347 2054 453 2086 cardo
482 2065 567 2093 non,
591 2054 885 2096 quemadmodum
913 2064 958 2086 111
988 2056 1050 2087 110
1072 2058 1108 2087 et
1134 2055 1194 2087 125
1218 2058 1330 2086 sortes
1354 2057 1460 2087 tertia
1484 2060 1520 2088 et
1544 2060 1653 2096 sexta,

111 2106 256 2138 edocere
278 2110 342 2138 aut
362 2117 503 2138 monere
523 2106 609 2148 quid
630 2106 789 2138 futurum
815 2106 874 2145 sit,
905 2106 965 2138 sed
991 2107 1142 2138 scrutari
1167 2106 1310 2146 dicitur,
1334 2107 1427 2149 quod
1449 2108 1657 2140 mathemat-

110 2159 245 2190 icorum
275 2168 363 2199 opus
392 2160 448 2189 est
535 2157 597 2188 825
628 2160 742 2195 possit
773 2158 940 2200 Scaliger,
973 2161 1088 2196 possis
1126 2158 1219 2196 libri,
1252 2158 1313 2190 sed
1351 2159 1540 2200 coutiuqere
1579 2170 1658 2191 eum

109 2209 314 2241 accusatiuo
345 2208 405 2251 qui
435 2209 486 2241 sic
511 2219 574 2250 pro
605 2209 756 2250 adipisci
785 2209 858 2240 siue
889 2209 1022 2241 lucrari
1044 2211 1202 2251 posuerit
1228 2221 1297 2241 non
1320 2211 1480 2252 reperio;
1513 2222 1593 2243 nam
1621 2212 1658 2243 in

112 2260 192 2292 Val.
217 2260 269 2292 Fl.
290 2269 331 2292 IV
349 2260 414 2293 620
437 2261 508 2299 (cui
530 2261 649 2292 uersui
673 2261 760 2292 miro
785 2271 900 2292 errore
924 2269 937 2292 Ι
965 2262 1028 2295 378
1054 2261 1217 2303 adiungit
1240 2261 1540 2294 Lommatzsehius
1564 2263 1652 2295 thes.

112 2312 196 2354 ling.
217 2312 294 2344 Lat.
321 2321 362 2343 1v
384 2322 418 2354 p.
441 2312 505 2346 715
530 2313 583 2350 19)
607 2317 761 2352 optatam
784 2312 925 2343 dabitur
947 2312 1136 2353 coutinyere
1155 2313 1278 2353 pellem
1301 2313 1542 2355 similibusque
1566 2314 1658 2346 inest

112 2374 223 2405 usque
238 2362 284 2394 ad
299 2363 518 2405 propositum
534 2362 638 2394 finem
659 2363 888 2405 perueniendi
904 2364 1002 2395 notio
1024 2364 1106 2395 huic
1127 2364 1202 2395 loco
1223 2365 1340 2396 minus
1360 2368 1455 2405 apta.
1506 2365 1657 2397 alterum

113 2414 360 2447 commendant
386 2423 432 2446 111
461 2415 523 2447 109
546 2425 599 2456 sq.
624 2415 819 2455 continyant
841 2415 1005 2455 praemia
1032 2420 1164 2456 quauta
1186 2416 1189 2455 Ι
1210 2416 1330 2454 edocet,
1359 2416 1421 2447 124
1447 2426 1497 2458 sq.
1518 2417 1640 2458 (plauti
1653 2416 1657 2459 Ι

111 2466 310 2507 continyant
332 2476 413 2498 usus
435 2471 555 2504 monet,
575 2467 617 2498 68
641 2477 691 2508 sq.
712 2466 913 2507 quicumque
938 2491 944 2498 .
966 2491 973 2497 .
994 2491 1002 2498 .
1030 2477 1127 2498 casus
1149 2466 1153 2507 Ι
1172 2467 1325 2498 humana
1348 2467 1383 2498 in
1405 2468 1480 2499 uita
1501 2473 1658 2508 poteraut

112 2517 302 2558 coutiuyere
391 2517 454 2548 826
477 2528 540 2559 pro
560 2520 690 2549 tollens
712 2528 793 2549 uere
814 2522 855 2549 ut
879 2517 1022 2549 uidetur
1041 2521 1178 2556 ponens
1197 2518 1350 2560 Scaliger
1372 2519 1437 2558 (ita
1458 2519 1559 2551 totius-
1578 2519 1659 2552 libri

114 2580 179 2611 pro
201 2570 316 2610 potius
342 2578 367 2600 V
393 2569 490 2608 298);
528 2569 662 2610 reliqua
693 2569 893 2600 emendatio
924 2569 1058 2601 incerta
1089 2573 1152 2601 est.
1217 2571 1348 2601 etenim
1378 2570 1472 2612 quod
1504 2570 1658 2612 Scaliger

114 2620 293 2652 lenissima
313 2630 396 2652 sane
414 2620 612 2652 mutatione
634 2631 757 2661 aeque
781 2620 833 2652 illi
854 2621 1006 2662 scripsit,
1026 2622 1101 2652 iure
1125 2620 1306 2653 Bentleius
1329 2622 1469 2663 quaerit
1491 2633 1657 2663 quorsum

113 2672 164 2704 sic
188 2672 367 2713 pertineat
390 2671 426 2703 in
443 2677 558 2712 parte,
584 2671 678 2714 quod
702 2672 806 2704 nimis
828 2672 947 2714 inepte
978 2672 1165 2705 Stoeberus
1188 2683 1252 2714 pro
1283 2673 1403 2714 aliqua
1428 2678 1522 2705 teum
1547 2674 1657 2716 accipi

116 2724 238 2762 iubet;
271 2723 365 2755 unde
392 2723 466 2764 ipse
493 2734 585 2754 anno
615 2724 698 2756 1903
725 2723 814 2755 hanc
845 2724 1009 2765 proposui
1041 2724 1246 2763 orationem,
1277 2724 1313 2755 iu
1335 2729 1449 2765 parte,
1478 2725 1656 2767 nitentem}

116 2785 216 2815 quae
246 2779 331 2806 tenet
356 2779 520 2813 exortum,
540 2775 597 2806 cui
620 2778 738 2806 tamen
761 2775 997 2807 aduersantur
1020 2784 1066 2806 111
1092 2776 1155 2807 180
1177 2786 1226 2817 sq.
1248 2776 1388 2807 cardine
1406 2801 1413 2807 .
1435 2801 1441 2807 .
1463 2801 1470 2808 .
1492 2776 1552 2817 qui
1574 2782 1658 2809 tenet

115 2831 270 2858 exortum
292 2829 329 2858 et
351 2835 381 2857 11
405 2827 467 2860 837
490 2836 707 2867 occasumque
731 2831 843 2858 tenens
867 2826 1008 2865 (cardo).
1057 2827 1195 2858 accedit
1218 2830 1259 2858 ut
1282 2827 1450 2859 Manilius
1473 2828 1509 2859 in
1532 2831 1659 2870 quarto

115 2877 293 2920 semipede
308 2877 448 2919 longam
464 2877 637 2919 syllabam
658 2888 726 2909 non
751 2878 896 2917 eliserit,
915 2878 1030 2910 datiui
1051 2882 1168 2910 autem
1190 2889 1294 2920 aeque
1316 2878 1483 2911 aduerbio
1499 2879 1659 2912 adiuncti
