1931 3202
263 126 318 166 34
861 125 921 166 M.
955 124 1204 166 MANILII

312 244 376 276 684
436 248 546 290 quae
569 249 834 290 quamquam
858 234 903 274 in
925 234 1064 290 partis
1085 233 1218 275 diuisi
1242 239 1453 290 quattuor
1474 234 1593 276 orbis

435 308 579 350 sidera
600 308 815 363 quadrata
837 307 1042 356 efficiunt,
1065 322 1152 350 non
1174 308 1268 364 lege
1290 309 1495 364 quadrati

435 386 691 423 censentur:
722 382 865 422 minor
887 386 952 423 est
974 382 1145 422 numeri
1168 397 1298 437 quam
1322 381 1513 424 cardinis
1535 396 1648 423 usus.

312 464 372 497 331
435 470 523 497 non
544 456 682 511 igitur
702 455 811 497 satis
833 459 899 496 est
921 456 1059 510 signis
1081 470 1331 497 numerasse
1353 456 1529 511 trigona

436 529 696 584 quadratiue
717 529 848 570 fidem
871 529 1021 585 quaeri
1044 544 1121 585 per
1141 530 1267 585 signa
1289 535 1514 585 quaterna.

435 603 639 659 quadrati
661 603 696 644 si
720 602 834 644 forte
858 603 976 645 uoles
998 603 1202 659 effingere
1225 604 1424 652 formam,

433 680 512 719 aut
532 677 662 718 trinis
683 677 863 733 paribus
887 678 1020 719 facies
1041 692 1139 719 cum
1162 678 1357 719 membra
1378 678 1554 733 trigoni,

310 761 373 793 335
433 751 503 793 hic
524 751 663 807 poscit
685 751 886 806 quintam
909 755 1080 807 partem
1102 753 1339 793 centesima
1361 767 1544 801 summa,

435 825 523 866 illic
545 825 714 866 amittit
735 825 960 867 decimam.
1013 826 1074 867 sic
1095 826 1302 867 conuenit
1323 825 1439 868 ordo.

433 903 488 949 et,
510 899 794 955 quiscumque
818 903 974 954 quater
995 899 1157 941 iunctis
1179 899 1304 942 fauet
1325 900 1515 956 angulus
1541 914 1690 955 usque,

260 1031 428 1069 uidetur;
466 1041 579 1073 neque
606 1031 699 1062 enim
730 1034 792 1062 aut
823 1031 879 1062 hic
909 1034 973 1062 aut
1001 1039 1041 1062 lv
1071 1031 1136 1063 860
1166 1031 1239 1063 uim
1270 1031 1344 1063 eius
1382 1032 1598 1073 pronominis
1628 1032 1806 1074 propriam

260 1093 446 1125 agnoscere
484 1093 636 1124 possum,
670 1088 710 1114 ut
741 1082 929 1124 utrobique
967 1086 1162 1124 peruagato
1200 1093 1316 1114 errore
1354 1093 1418 1125 pro
1456 1083 1525 1114 illis
1562 1083 1598 1115 id
1636 1084 1807 1125 scriptum

260 1134 425 1176 suspicer.
475 1134 588 1175 ipsum
611 1144 674 1176 pro
699 1144 774 1166 eum
796 1135 907 1174 ipsum
930 1134 1083 1175 positum
1109 1138 1163 1166 est
1191 1143 1221 1165 11
1247 1135 1309 1166 291
1339 1134 1571 1176 similiterque
1598 1135 1676 1175 ipsa
1703 1143 1716 1166 1
1743 1135 1807 1167 693

346 1190 427 1227 post
453 1185 545 1217 hunc
573 1196 713 1217 uersum
741 1185 910 1217 collocaui
937 1185 1100 1225 684-686,
1131 1196 1218 1227 quos
1245 1186 1289 1217 ad
1318 1186 1406 1218 hanc
1430 1186 1707 1228 disputationem
1730 1197 1805 1228 per-

260 1238 372 1269 tinere
399 1241 473 1269 tam
500 1237 727 1269 manifestum
755 1240 810 1268 est
836 1247 941 1278 quam
969 1237 1014 1268 ab
1042 1237 1102 1268 illo
1130 1237 1205 1269 loco
1233 1237 1364 1269 alienos
1392 1248 1478 1276 esse,
1504 1237 1564 1269 ubi
1592 1238 1806 1279 Scaligerum

260 1289 460 1321 Bentleium
483 1288 651 1320 Iacobum
675 1288 827 1320 multum
851 1293 887 1320 et
911 1288 1046 1320 frustra
1069 1293 1313 1321 exercuerunt.
1364 1289 1420 1321 hic
1445 1300 1526 1320 casu
1549 1290 1668 1321 omissi
1692 1290 1809 1321 uersui

259 1341 323 1373 683
350 1343 496 1382 propter
519 1340 674 1372 cardinis
700 1351 825 1371 nomen
853 1339 1002 1372 subiecti
1031 1345 1126 1378 sunt,
1156 1341 1452 1382 quemadmodum
1479 1342 1543 1373 232
1570 1346 1610 1373 ut
1637 1345 1717 1383 post
1743 1341 1804 1373 ‘231

259 1392 472 1424 insereretur
498 1391 615 1423 effecit
643 1392 679 1423 in
707 1397 857 1433 utroque
884 1397 1177 1424 commemoratus
1206 1393 1384 1434 Aquarius
1487 1392 1551 1423 684
1574 1403 1661 1433 qnae
1688 1396 1808 1434 partes

346 1446 461 1482 partis
487 1446 520 1481 L,
550 1447 673 1481 partes
705 1443 777 1479 GL2,
806 1446 973 1481 partibus
1000 1446 1044 1475 Μ.
1094 1443 1137 1475 de
1167 1450 1284 1484 partes
1315 1455 1347 1476 u.
1377 1445 1441 1476 330
1472 1447 1507 1475 et
1535 1444 1650 1485 partis
1681 1455 1713 1476 u.
1744 1445 1808 1476 684

260 1494 345 1527 uide
373 1495 418 1526 ad
446 1495 509 1527 328
598 1497 705 1526 diuisi
733 1494 898 1536 Scaliger,
929 1497 1054 1526 diuisit
1086 1494 1166 1526 libri
1255 1495 1318 1526 686
1341 1496 1476 1527 numeri
1505 1496 1721 1537 quaternarii

305 1546 469 1585 cardinis,
488 1547 612 1588 puncti
635 1546 824 1587 angularis,
844 1546 938 1588 quod
963 1547 997 1577 in
1022 1551 1154 1578 certam
1171 1547 1263 1588 signi
1278 1552 1416 1588 partem
1441 1547 1577 1586 incidit,
1598 1547 1689 1579 unde
1717 1547 1809 1579 ratio

259 1597 432 1640 proficisci
464 1597 570 1629 debet
669 1597 731 1628 331
764 1600 908 1635 trigona
938 1601 972 1629 Μ
1003 1598 1095 1629 sieut
1127 1599 1324 1630 coniecerat
1354 1598 1519 1640 Scaliger,
1552 1601 1714 1637 trigonae
1743 1602 1805 1638 GL,

259 1650 431 1690 triyonum
467 1649 649 1681 Bentleius
677 1653 821 1691 propter
852 1649 1019 1690 quadrati
1049 1661 1084 1681 u.
1117 1650 1192 1687 332,
1226 1650 1287 1681 sed
1325 1650 1406 1681 uide
1436 1651 1499 1684 297
1536 1651 1712 1691 quadrata
1743 1651 1806 1683 299

260 1701 431 1742 triqonum
534 1700 597 1731 332
635 1704 760 1738 quaeri
792 1701 985 1739 Bentleius,
1026 1703 1113 1732 caeli
1153 1701 1245 1732 libri.
1306 1701 1391 1733 caeli
1420 1702 1494 1733 siue
1532 1712 1610 1733 cum
1641 1702 1810 1742 quadrati

260 1753 452 1794 coniungas
489 1752 564 1784 siue
602 1752 647 1783 ad
679 1752 777 1793 siqua
816 1752 958 1791 referas,
992 1753 1081 1784 nihil
1112 1758 1166 1784 est
1205 1758 1266 1784 aut
1304 1753 1390 1784 caeli
1419 1757 1481 1784 aut
1512 1753 1678 1794 quadrati
1697 1753 1807 1794 fidem

259 1814 463 1836 numerasse.
512 1803 598 1835 fides
628 1804 794 1845 quadrati
821 1805 1004 1845 quaeritur
1031 1808 1138 1845 atque
1169 1805 1324 1846 exigitur
1352 1806 1395 1843 (11
1422 1805 1481 1836 591
1506 1804 1616 1845 fidem
1647 1810 1804 1846 quaerat,

260 1865 305 1887 111
333 1857 396 1888 503
421 1866 494 1898 sqq.
522 1855 569 1887 sic
595 1855 659 1887 erit
677 1880 684 1887 .
706 1880 713 1887 .
735 1880 742 1887 .
763 1856 980 1896 quam-emtus
996 1880 1003 1887 .
1025 1881 1031 1887 .
1055 1880 1062 1887 .
1083 1855 1309 1896 horoscopus.
1332 1881 1339 1887 .
1361 1881 1368 1888 .
1389 1861 1438 1894 ut,
1467 1867 1542 1888 cnm
1573 1861 1693 1888 exacta
1715 1857 1808 1898 fide-s·

259 1907 396 1946 steterit,
416 1931 423 1938 .
444 1932 451 1939 .
474 1932 480 1938 .
492 1907 621 1947 fizllere
648 1917 714 1938 ozon
736 1907 868 1947 possint
896 1907 1021 1938 summi
1042 1907 1193 1947 sastiffl'a
1221 1907 1318 1946 caeli)
1348 1911 1388 1939 ut
1415 1907 1496 1939 inde
1523 1918 1607 1939 uera
1632 1908 1807 1940 ducantur

260 1959 414 1991 fatorum
438 1958 630 2000 praesagia,
649 1969 750 2000 quae,
770 1958 799 1989 si
822 1969 885 2000 per
908 1959 1008 2000 signa
1029 1963 1203 2000 quaterna
1226 1969 1266 1990 ac
1290 1969 1358 1990 non
1380 1969 1442 2000 per
1465 1963 1585 2001 partes
1608 1970 1807 2002 nonagenas

260 2010 472 2052 quadratum
497 2010 681 2048 struxeris,
704 2009 793 2041 falsa
817 2014 922 2041 erunt
1012 2013 1188 2048 quaterna
1208 2013 1277 2048 LM,
1297 2014 1476 2048 quadrata
1499 2014 1674 2049 quaterna
1695 2014 1720 2043 G

304 2061 453 2092 332-335
486 2065 581 2093 recte
612 2060 690 2093 edd.
722 2064 811 2093 uett.
843 2072 883 2092 ac
916 2061 984 2092 iam
1015 2061 1152 2093 codices
1184 2061 1327 2103 quidam
1363 2062 1669 2104 interpunxerant,
1699 2073 1807 2104 praue

261 2112 415 2155 Scaliger
438 2116 475 2144 et
494 2112 676 2144 Bentleius
765 2113 828 2143 333
845 2112 908 2143 334
931 2113 961 2144 si
982 2113 1080 2150 uoles,
1101 2112 1216 2154 facies
1237 2123 1335 2145 cum:
1362 2122 1407 2145 111
1426 2114 1534 2145 5904
1556 2113 1587 2145 si
1607 2114 1803 2152 constiterit,

260 2175 336 2197 cum
356 2164 508 2197 consistet
596 2163 660 2195 334
682 2163 825 2204 paribus
846 2164 960 2202 lineis,
982 2164 1050 2195 nisi
1067 2164 1181 2203 fallor,
1200 2164 1495 2206 quemadmodum
1511 2164 1638 2197 Graeci
1656 2176 1697 2197 eo
1712 2165 1806 2207 quod

260 2222 315 2248 est
329 2217 463 2257 ’γραμμή
479 2216 606 2247 omisso
628 2215 793 2247 dicebant
815 2217 847 2247 αἱ
869 2217 1086 2256 παράλληλοι,
1106 2217 1126 2254 ὴ
1143 2218 1260 2254 εὐθεῖα,
1280 2217 1299 2254 ἡ
1322 2217 1542 2248 ὑποτείνουσα.
1593 2217 1698 2248 Mart.
1719 2216 1802 2258 Cap.

260 2277 300 2299 VI
331 2268 395 2302 712
433 2267 735 2308 aequilaterum..
756 2291 763 2299 .
784 2267 876 2308 quod
907 2267 1014 2299 tribus
1047 2267 1193 2308 paribus
1223 2267 1322 2299 lineis
1359 2267 1584 2309 lateribusque
1622 2269 1804 2307 concurrit,

260 2318 392 2352 Colum.
414 2328 438 2350 v
454 2320 475 2350 2
493 2320 513 2350 5
535 2318 641 2350 tribus
663 2318 806 2359 paribus
830 2318 992 2350 lateribus
1017 2319 1221 2359 triquetrum
1245 2318 1359 2351 metiri
1447 2319 1509 2350 335
1536 2320 1746 2351 ‘centesima
1769 2320 1805 2351 in

260 2370 391 2412 trigoni
412 2370 522 2402 latere
545 2371 660 2412 poscit
681 2370 736 2402 sui
757 2371 931 2411 quintam,
950 2374 991 2402 ut
1014 2369 1077 2402 fiat
1102 2370 1188 2409 1203
1212 2371 1248 2402 in
1270 2370 1436 2412 quadrati
1459 2370 1569 2402 latere
1592 2371 1729 2403 amittit
1752 2372 1807 2403 sui

259 2421 441 2460 decimam,
461 2425 502 2454 ut
518 2421 580 2453 fiat
597 2421 656 2454 90‘
682 2421 864 2453 Bentleius
953 2421 1016 2452 336
1040 2422 1123 2453 ordo
1140 2422 1289 2453 rationis
1313 2422 1556 2454 arithmeticae
1571 2435 1578 2454 z
1608 2431 1654 2454 111
1670 2422 1734 2455 218
1750 2433 1800 2464 sq.

259 2484 317 2505 nec
340 2483 392 2505 me
415 2473 575 2514 uulyatae
596 2473 740 2504 rationis
760 2472 928 2513 praeterit
950 2473 1045 2511 ordo,
1069 2473 1072 2515 Ι
1095 2483 1181 2514 quae
1205 2473 1302 2504 binas
1325 2473 1443 2505 tribuit
1465 2473 1572 2513 siquis
1593 2474 1807 2515 surqentibus

259 2524 363 2557 horas
451 2524 513 2556 337
538 2524 755 2565 quiscumque
780 2524 875 2562 loeis,
902 2524 997 2566 quod
1020 2535 1062 2556 ex
1087 2525 1288 2566 insequenti
1312 2535 1416 2557 uersu
1439 2525 1585 2557 auditur
1673 2528 1806 2558 iunctis

260 2576 424 2618 Scaliger,
444 2579 587 2608 iunctus
611 2576 680 2607 iam
704 2575 1017 2617 Regiomontauus‚
1037 2578 1173 2607 cunctis
1197 2575 1278 2607 libri
1302 2579 1343 2607 ut
1367 2584 1380 2607 1
1403 2576 1478 2608 439.
1525 2581 1645 2615 quater
1668 2576 1803 2615 iunctis,

259 2627 482 2669 quadruplici
515 2627 604 2659 serie
635 2628 798 2658 conexis:
838 2636 868 2658 11
899 2627 962 2661 275
996 2627 1114 2666 (linea)
1147 2627 1305 2659 extremis
1335 2627 1445 2668 iunyit
1483 2637 1515 2659 se
1544 2627 1676 2669 finibus
1712 2628 1799 2670 ipsa.

259 2678 436 2710 Martialis
452 2689 531 2710 cum
547 2678 635 2710 dicit
652 2687 675 2709 x
692 2679 732 2710 51
753 2679 790 2709 ll
809 2688 858 2719 sq.
878 2688 936 2709 nec
954 2678 1021 2710 illic
1042 2679 1045 2719 Ι
1067 2683 1144 2710 sunt
1166 2678 1316 2719 triplices
1336 2678 1487 2710 thermae
1507 2689 1566 2711 nec
1579 2679 1667 2720 sora
1689 2679 1806 2711 iuncta

259 2734 380 2771 quater
400 2729 549 2762 fortasse
572 2729 661 2761 nihil
683 2728 859 2771 significat
880 2729 948 2760 nisi
972 2729 1242 2771 quadruplicata
1265 2730 1338 2762 siue
1355 2734 1528 2771 quattuor,
1546 2731 1639 2762 sicut
1653 2730 1746 2762 idem
1763 2739 1803 2762 1x

259 2782 301 2813 84
323 2782 344 2813 9
367 2781 415 2812 bis
439 2780 612 2813 trieteride
637 2781 753 2813 iuncta
777 2780 896 2822 posuit
920 2791 984 2822 pro
1007 2791 1066 2812 sex
1091 2781 1202 2819 annis,
1230 2781 1401 2813 Firmicus
1427 2790 1456 2813 11
1483 2782 1526 2814 23
1551 2783 1571 2814 6
1596 2782 1729 2814 numeri
1755 2782 1805 2814 bis

258 2832 366 2865 iuncti
387 2843 451 2874 pro
475 2831 646 2873 duplicati
724 2831 839 2873 fauet,
865 2842 934 2873 quo
960 2832 1068 2864 uerbo
1091 2833 1151 2874 qui
1175 2832 1340 2864 similiter
1363 2843 1446 2864 usus
1470 2833 1517 2865 sit
1538 2844 1607 2865 non
1630 2833 1724 2872 noui,
1751 2833 1803 2865 ita

258 2894 322 2926 pro
348 2883 469 2915 incidit
495 2883 648 2925 positum
674 2883 818 2915 uidetur
846 2888 885 2915 ut
911 2883 1015 2915 simul
1041 2883 1134 2915 adsit
1163 2883 1316 2925 eligendi
1344 2887 1379 2916 et
1406 2883 1582 2916 delectum
1612 2884 1803 2917 adhibendi
