1931 3202
660 671 726 718 M.
778 670 1084 720 MANILH

436 799 1308 866 ASTRONOMICON

628 946 792 986 LIBER
831 945 1119 986 SECVNDVS

278 1116 509 1158 MAXIMVS
530 1116 692 1158 Iliacae
713 1116 859 1172 gentis
881 1115 1123 1157 certamina
1144 1117 1269 1156 uates

280 1194 324 1233 et
346 1190 673 1247 quinquaginta
694 1205 847 1246 regum
869 1204 1105 1245 regemque
1125 1192 1385 1245 patremque

277 1269 542 1321 pectoraque
564 1265 713 1307 Aeacii
734 1265 986 1320 uictamque
1007 1264 1089 1306 sub
1109 1264 1301 1306 Hectore
1323 1263 1510 1312 Troiam,

172 1372 277 1403 1-149
307 1374 522 1415 prooemium
633 1372 653 1403 2
684 1372 874 1411 Priamum,
900 1371 983 1403 uide
1014 1371 1118 1403 Hom.
1146 1371 1187 1403 Il.
1216 1380 1255 1403 VI
1285 1371 1405 1410 5244-6,
1438 1379 1532 1402 XXIV
1562 1370 1648 1409 4953

104 1434 316 1467 quamquam
346 1423 455 1455 fuisse
485 1424 580 1455 inter
610 1423 750 1455 Manilii
787 1423 941 1454 editores
971 1423 1031 1464 qui
1068 1423 1364 1465 Agamemnonem
1402 1422 1650 1464 intellegerent

105 1475 209 1508 facile
239 1475 359 1507 credet
385 1475 446 1516 qui
473 1485 531 1506 eos
556 1475 697 1506 nouerit
796 1474 815 1504 3
842 1477 1055 1512 pectoraque
1082 1476 1193 1505 aeacii
1202 1474 1236 1512 it,
1261 1476 1534 1510 hectoreumque
1564 1475 1651 1505 facit

105 1526 188 1558 libri
220 1529 348 1566 (haect-
379 1528 441 1564 GL)
469 1526 534 1558 hoc
562 1526 649 1564 loco,
682 1529 802 1557 castra
832 1528 960 1557 ducum
991 1529 1027 1557 et
1060 1528 1149 1558 caen
1181 1525 1218 1556 in
1251 1524 1496 1567 dittographia
1522 1533 1536 1556 1
1571 1524 1648 1563 766,

109 1578 376 1619 Hectoreamque
386 1578 506 1619 facem
522 1577 719 1616 Dulcinius,
739 1577 948 1613 mutatione,
966 1576 1138 1615 oratione,
1156 1576 1334 1608 sententia
1349 1576 1484 1618 pariter
1500 1575 1650 1618 improb-

109 1629 217 1667 abili;
248 1629 431 1661 Bentleius
455 1639 597 1660 uersum
624 1628 768 1660 deleuit.
817 1628 918 1669 atqui
946 1627 1006 1659 ubi
1032 1627 1076 1659 de
1104 1627 1217 1659 Iliade
1247 1638 1361 1659 sermo
1391 1630 1446 1659 est
1476 1637 1547 1658 non
1577 1630 1650 1659 tam

109 1680 244 1712 Hector
273 1679 490 1712 amouendus
524 1682 602 1711 erat
632 1690 736 1721 quam
775 1678 1008 1721 requirendus
1038 1679 1218 1717 Achilles3
1257 1679 1286 1710 is
1317 1689 1401 1710 uero
1431 1678 1526 1710 haud
1550 1678 1653 1721 longe

106 1731 219 1770 abest,
254 1732 283 1763 si
307 1731 450 1773 quidem
480 1740 586 1763 FACIT
610 1731 703 1763 idem
729 1741 841 1772 paene
863 1734 917 1762 est
947 1733 1055 1772 atque
1080 1739 1180 1762 EACII
1212 1731 1318 1769 (sicut
1349 1730 1440 1762 Non.
1474 1741 1508 1772 p.
1543 1731 1585 1763 85
1615 1731 1652 1762 in

109 1783 307 1815 Telamonis
324 1783 477 1814 Enniani
493 1793 598 1814 uersu
614 1782 789 1824 Bergkius
806 1781 916 1813 Aeaci
931 1786 960 1813 et
980 1782 1142 1813 restituit
1156 1792 1220 1823 pro
1234 1781 1355 1822 saciet,
1375 1782 1412 1812 in
1436 1781 1522 1813 Hor.
1542 1791 1647 1813 carm.

110 1844 155 1867 111
188 1835 228 1867 19
258 1835 278 1867 3
308 1844 372 1876 pro
402 1833 513 1866 Aeaci
542 1833 618 1866 cod.
649 1833 837 1865 Bernensis
858 1833 957 1873 faci⁷
987 1831 1158 1871 exhibet),
1191 1841 1298 1865 CAELI
1328 1835 1447 1864 autem
1478 1834 1515 1864 et
1545 1840 1651 1864 EACLI

110 1885 241 1917 eisdem
279 1888 445 1917 constant
481 1885 614 1916 litteris
652 1887 689 1916 et
725 1884 824 1915 anth.
852 1883 930 1915 Lat.
958 1883 1052 1915 Ries.
1080 1884 1141 1915 631
1181 1885 1201 1915 5
1237 1883 1405 1915 Aeacides
1442 1884 1479 1915 in
1520 1883 1652 1916 caeides

107 1940 314 1979 corruptum
344 1940 408 1968 est.
457 1935 608 1968 Aeacius
636 1946 701 1977 pro
730 1935 899 1967 Aeacides
925 1935 1045 1976 posuit
1081 1933 1200 1967 Ouidii
1230 1934 1391 1966 imitator
1413 1934 1485 1966 her.
1512 1943 1584 1966 V111
1609 1935 1651 1967 33

110 1994 146 2021 αι
171 1993 276 2030 pater
297 1987 427 2019 Aeacio
454 1987 661 2027 promiserat
693 1986 755 2025 (sic
787 1987 879 2017 enim
911 1985 1052 2017 Riesius
1090 1996 1133 2016 ex
1160 1986 1233 2017 cod.
1262 1985 1442 2018 Puteaneo
1472 1986 1532 2028 qui
1558 1985 1651 2018 aecio

110 2040 229 2078 habet,
265 2039 392 2081 reliqui
425 2038 613 2077 aeacidae),
647 2038 740 2070 sicut
774 2037 992 2069 Telamonius
1025 2040 1061 2069 et
1097 2036 1275 2078 Cephisius
1311 2048 1375 2079 pro
1415 2037 1651 2069 substantiuis

110 2093 186 2134 ipse
216 2091 389 2129 Ouidius;
429 2091 516 2122 item
547 2091 672 2132 opinor
702 2089 897 2121 Columella
927 2097 951 2120 X
985 2088 1046 2123 174
1076 2099 1126 2130 sq.
1162 2093 1191 2120 et
1218 2088 1306 2120 male
1336 2088 1497 2120 damnati
1525 2093 1653 2120 maesto

110 2144 171 2185 qui
200 2143 364 2184 sanyuine
394 2147 537 2183 surqunt
559 2142 563 2183 Ι
583 2141 707 2174 Aeacii
720 2141 836 2183 flores,
863 2141 923 2182 qui
951 2141 1058 2172 etiam
1084 2141 1148 2172 348
1179 2139 1434 2181 Amythaonius
1463 2140 1557 2172 dixit
1587 2151 1651 2182 pro

109 2194 391 2237 Amythaonides.
436 2194 518 2225 hinc
543 2193 580 2224 in
602 2192 679 2225 Sen.
705 2192 784 2224 Tro.
809 2193 895 2223 44—8
921 2191 1143 2223 scribendum
1169 2191 1303 2223 conicio
1323 2190 1401 2222 uidi
1423 2192 1652 2223 execrandum

108 2246 222 2288 reyiae
247 2245 360 2278 caedis
383 2244 482 2286 nefas
501 2243 505 2285 Ι
526 2243 684 2285 ipsasque
708 2244 756 2275 ad
780 2253 863 2274 aras
887 2244 998 2274 maius
1022 2241 1183 2274 admissis
1214 2241 1416 2281 (admissum
1446 2241 1539 2281 libri,
1568 2242 1651 2274 uide

110 2299 176 2340 Ag.
203 2298 246 2329 29
276 2296 412 2328 maius.
435 2320 442 2328 .
463 2321 471 2328 .
492 2297 663 2327 commisso
700 2294 817 2333 scelus)
859 2294 973 2332 scelus,
996 2294 1000 2333 Ι
1022 2292 1172 2325 Aeacius
1210 2293 1350 2332 (Aeaeis
1387 2293 1461 2325 cod.
1494 2293 1649 2332 Etrusc.,

110 2349 285 2382 Aeacidae
321 2347 492 2389 plerique,
531 2346 678 2378 barbare
716 2345 871 2388 Scaliger
907 2344 1085 2383 Aeacidis)
1123 2344 1231 2376 armis
1268 2354 1344 2376 cum
1372 2345 1489 2385 ferox,
1529 2355 1652 2377 scaeua

109 2411 216 2432 manu
235 2399 239 2440 Ι
261 2409 356 2431 coma
387 2398 556 2440 reflectens
588 2397 720 2438 reyium
750 2401 841 2428 torta
872 2401 985 2436 caput,
1009 2396 1013 2436 Ι
1035 2396 1104 2427 alto
1134 2395 1325 2436 nefandum
1353 2396 1490 2427 uulneri
1511 2396 1653 2436 ferrum

109 2451 254 2483 abdidit.
303 2450 473 2481 Manilius
491 2453 532 2481 ut
551 2449 616 2481 hoo
635 2449 710 2480 loco
729 2448 879 2480 Aeacius
897 2448 949 2479 ita
968 2456 981 2478 1
1001 2448 1064 2479 869
1089 2447 1248 2478 Titanius
1267 2446 1530 2479 substantiuum
1551 2447 1647 2479 fecit.

111 2503 205 2545 quod
220 2506 339 2534 autem
357 2500 506 2533 Wolfius
522 2501 594 2532 litt.
613 2500 704 2532 anal.
725 2509 739 2531 1
759 2510 792 2541 p.
809 2500 848 2532 61
867 2509 910 2530 ne
929 2498 1186 2530 adiectiuorum
1202 2497 1344 2539 quidem
1360 2499 1543 2540 genetiuos
1558 2499 1596 2530 in
1613 2499 1654 2530 -ii

111 2557 280 2586 exeuntes
306 2553 402 2595 apud
431 2553 524 2584 huno
553 2557 695 2594 poetam
725 2551 872 2593 reperiri
897 2549 1093 2589 confirmat,
1119 2549 1296 2581 refellitur
1321 2560 1426 2581 uersu
1451 2558 1464 2581 1
1489 2550 1564 2589 802,
1591 2549 1652 2581 ubi

112 2605 255 2638 aetherii
287 2608 324 2636 et
357 2604 591 2635 necessarium
625 2606 680 2634 est
715 2606 752 2634 et
782 2603 818 2633 in
854 2604 888 2633 M
920 2604 1110 2633 seruatum.
1160 2611 1370 2642 quamquam
1405 2600 1555 2632 fortasse
1590 2602 1652 2633 uix

113 2658 226 2689 minus
255 2654 488 2698 probabiliter
513 2654 726 2686 scriberetur
752 2653 987 2685 Aeacidum.
1037 2655 1198 2694 superest
1223 2655 1265 2684 ut
1295 2662 1338 2683 ex
1368 2652 1649 2693 Hector-eumque,

113 2707 207 2750 quod
223 2706 469 2748 simpliciorem
489 2705 728 2747 interpolandi
745 2707 909 2737 conatum
930 2714 1014 2745 prae
1030 2714 1066 2735 se
1082 2703 1154 2735 fert
1169 2714 1274 2745 quam
1297 2708 1411 2735 castra
1427 2704 1496 2735 ista
1512 2704 1649 2743 ducum,

112 2762 257 2791 eruatur
272 2757 365 2799 quod
382 2756 531 2789 orationi
547 2755 811 2797 sententiaeque
832 2754 1038 2786 satisfaciat.
1081 2755 1251 2796 scriptum
1264 2754 1371 2785 fuisse
1387 2756 1473 2796 puto
1486 2755 1651 2787 Hectora-

113 2820 175 2852 que
191 2808 284 2850 facit
302 2807 491 2846 (contrario
508 2817 623 2839 errore
644 2807 686 2838 Il.
702 2806 780 2838 Lat.
798 2807 862 2840 674
878 2805 1026 2846 peccoris
1046 2816 1136 2837 unus
1163 2805 1252 2837 liber
1275 2815 1338 2847 pro
1365 2805 1551 2846 Heccoris)‚
1570 2806 1651 2838 inde

115 2861 218 2893 metri
234 2870 337 2892 causa
354 2859 486 2891 factum
503 2858 782 2899 Hectorea-mque.
831 2857 868 2888 in
885 2856 996 2888 altero
1018 2856 1221 2898 exemplari,
1245 2867 1323 2889 cum
1345 2861 1546 2899 pectoraque
1567 2858 1654 2891 caeli

868 2909 894 2937 A
