1931 3202
261 149 316 188 82
855 143 915 186 Μ.
948 142 1199 185 MANILII

428 255 837 299 dodecatemorium.
898 268 1085 309 namque
1109 253 1153 294 id
1174 268 1252 309 per
1272 253 1465 308 quinque
1486 256 1668 295 notatur

428 331 590 387 partis;
622 344 723 370 nam
744 328 928 370 totidem
951 327 1232 383 praefulgent
1252 326 1395 369 sidera
1415 327 1535 369 caelo

428 419 539 460 quae
561 418 675 459 uaga
695 402 915 450 dicuntur,
936 401 1104 443 ducunt
1124 404 1168 442 ct
1187 400 1364 456 singula
1383 405 1523 442 sortes

427 477 631 520 dimidias
652 477 853 531 uiresque
876 476 921 516 in
943 475 1005 517 eis
1026 478 1071 516 et
1092 475 1188 516 iura
1209 478 1451 530 capessunt.

303 561 368 596 745
427 552 472 593 in
495 566 580 607 quo
601 564 798 606 quaeque
820 549 958 605 igitur
978 548 1130 590 stellae
1153 548 1413 604 quandoque
1435 549 1600 590 locatae

254 744 402 776 Manilio
422 754 506 776 cura
528 743 713 784 antiquum
737 752 867 773 morem
891 742 1035 779 retinet,
1053 741 1121 772 nisi
1138 740 1383 782 excipiendum
1400 743 1454 772 est
1471 740 1506 772 in
1524 750 1628 771 uersu
1650 738 1797 770 obscuro

253 804 293 827 xl
309 797 330 827 2
345 796 366 827 2
381 795 510 827 lectum
527 794 691 826 Fabricii.
742 793 901 825 Palladii
914 792 1071 834 Vergilio
1089 793 1176 824 Aen.
1194 801 1233 823 xx
1253 793 1310 823 151
1330 792 1551 833 suppositum
1567 801 1635 822 non
1651 799 1797 822 numero

339 850 449 885 quota
459 846 493 885 ᾗ,
509 848 602 884 quod
614 848 708 883 ΘΒΜ,
725 847 810 883 quid
821 844 866 877 L2‘.
917 855 980 886 pro
996 849 1099 884 quola
1115 843 1308 875 exarabant
1324 844 1450 885 quoda,
1466 842 1559 874 unde
1570 842 1673 874 facile
1688 840 1796 873 fiebat,

253 898 352 939 quod.
401 898 453 929 ita
469 906 514 929 111
535 897 600 929 420
621 896 712 937 quod
733 895 907 928 ademz‘cur
927 898 985 927 ΒΜ
1007 905 1070 937 pro
1090 900 1193 936 quota
1212 894 1371 933 demitur,
1390 903 1413 925 v
1429 895 1472 926 29
1488 894 1602 935 quoda
1617 896 1686 931 Lm,
1705 892 1797 933 quod

252 948 326 988 GL2,
352 949 458 981 Mart.
482 957 522 980 1x
541 949 583 981 35
598 949 618 980 8
635 947 725 989 quod
748 946 877 980 EXAC
901 957 964 989 pro
987 951 1104 988 quota,
1123 946 1201 978 Seu.
1222 945 1303 978 dial.
1327 954 1364 977 VI
1386 947 1426 977 14
1450 946 1464 977 1
1488 945 1578 987 quod
1601 944 1691 977 euim
1713 943 1796 975 libri

253 1011 315 1043 pro
338 1005 441 1042 quota
464 1001 560 1038 enim,
588 999 665 1031 qu.
694 1008 739 1030 111
763 999 802 1031 61
828 999 918 1039 quod
941 1009 964 1029 α
985 998 1098 1039 portio
1121 997 1196 1029 cod.
1222 997 1300 1029 Par.
1326 997 1412 1031 8072
1505 997 1590 1028 haec
1617 996 1721 1038 uulgo
1745 996 1797 1027 sic

252 1051 423 1090 scribunt,
452 1051 543 1092 quod
565 1051 725 1092 partibas
754 1049 839 1091 ipsis
860 1050 864 1091 Ι
883 1049 1147 1081 dodecutemorii
1173 1049 1258 1090 quid
1283 1048 1339 1087 sit,
1369 1049 1651 1090 interpretamur
1676 1050 1796 1079 autem

252 1114 331 1135 cum
358 1103 561 1135 soloecismo
588 1102 672 1143 quia
698 1101 736 1133 iu
767 1101 852 1142 ipsis
882 1100 1145 1133 dodecacemorii
1173 1100 1334 1141 partibus
1365 1105 1410 1132 est
1443 1099 1591 1141 aliquid,
1619 1098 1797 1131 sententia

252 1155 372 1197 inepta
394 1165 435 1186 ac
457 1154 576 1196 potius
598 1153 718 1191 nulla;
749 1163 861 1195 neque
886 1153 979 1184 enim
1006 1152 1041 1183 in
1067 1151 1340 1183 dodecatemorii
1364 1150 1526 1193 partibus
1549 1150 1585 1182 id
1610 1154 1676 1188 est,
1701 1148 1795 1192 quod

251 1206 444 1248 quaeritur,
479 1205 541 1237 sed
571 1205 686 1247 ipsum
717 1215 799 1246 pars
829 1207 883 1236 est
913 1203 1186 1235 dodecatemorii
1290 1213 1355 1235 esse
1386 1202 1431 1235 ad
1465 1207 1624 1234 nostrum
1656 1211 1795 1234 sensum

251 1257 411 1290 abundat
435 1260 540 1299 atque
565 1257 652 1289 adeo
677 1267 756 1288 cum
780 1256 978 1288 sententiae
999 1255 1213 1287 detrimento
1234 1254 1375 1286 dicendi
1396 1254 1503 1286 uerbo
1526 1254 1617 1285 adici
1637 1253 1793 1290 uidetur,

252 1309 313 1341 sed
330 1310 382 1341 ita
397 1308 555 1340 Lucilius
571 1307 630 1340 lib.
652 1317 691 1339 IX
708 1318 763 1349 ap.
784 1306 875 1340 Non.
892 1317 926 1349 p.
942 1307 1006 1339 428
1022 1307 1092 1345 hoc,
1113 1307 1204 1347 quod
1220 1306 1365 1338 dicimus
1386 1316 1452 1338 esse
1468 1316 1604 1347 poema,
1623 1304 1743 1338 Cicero
1760 1304 1796 1335 in

251 1361 394 1393 Arateis
406 1360 480 1392 n.d.
495 1369 524 1392 11
540 1360 600 1392 105
613 1365 844 1400 extremusque
860 1359 946 1390 adeo
961 1358 1094 1399 duplici
1109 1358 1150 1390 cle
1165 1358 1303 1390 cardine
1320 1362 1436 1389 uerteoe
1457 1358 1461 1398 Ι
1481 1357 1608 1389 dicitur
1619 1366 1684 1388 esse
1695 1356 1798 1397 polus

252 1415 289 1444 et
304 1412 415 1444 altera
429 1412 527 1453 apud
546 1411 672 1443 Graios
693 1410 871 1452 Cynosura
892 1415 1046 1448 uocatur,
1069 1410 1073 1450 Ι
1094 1409 1205 1441 altera
1220 1409 1349 1441 dicitur
1364 1419 1430 1441 esse
1447 1408 1576 1447 Helice,
1599 1409 1659 1441 109
1676 1407 1795 1439 Arcto-

246 1464 393 1505 phylax,
412 1464 515 1503 uulyo
536 1464 595 1504 qui
615 1462 744 1495 dicitur
764 1472 829 1494 esse
850 1462 991 1499 Bootes;
1016 1472 1079 1493 nec
1096 1461 1211 1492 minus
1229 1461 1393 1493 Latinum
1409 1464 1462 1492 est
1478 1460 1572 1502 quod
1594 1460 1698 1491 huius
1714 1458 1796 1491 libri

252 1526 286 1548 u.
306 1516 370 1548 285
391 1514 624 1556 interpolator
646 1514 765 1556 posuit
787 1523 875 1554 quae
895 1513 1115 1554 praecedunt,
1137 1513 1261 1544 dea-tra
1282 1523 1347 1544 essse
1360 1512 1528 1552 seruntur
1615 1510 1676 1542 741
1701 1514 1797 1542 recte

253 1577 316 1609 per
339 1577 375 1598 se
396 1566 457 1598 illa
477 1565 615 1607 percipe
639 1570 743 1606 quota
764 1565 807 1596 sit
831 1565 963 1606 excipit
984 1574 1142 1605 namque,
1166 1564 1226 1595 sed
1249 1563 1335 1595 dure
1354 1563 1511 1595 eiusdem
1531 1562 1798 1605 significationis

253 1618 446 1660 similisque
472 1618 604 1649 formae
632 1616 842 1648 uocabulum
868 1627 950 1648 uam
977 1616 1137 1657 proximo
1164 1626 1269 1647 uersu
1297 1614 1479 1653 subicitur,
1507 1617 1548 1646 ut
1574 1613 1796 1646 scribendum

253 1669 408 1712 suspicer
423 1679 551 1710 nempe,
570 1668 663 1710 quod
680 1679 759 1700 cum
774 1678 920 1709 namque
937 1667 1073 1699 librarii
1090 1670 1337 1708 permutarunt
1354 1666 1457 1699 Ouid.
1476 1669 1559 1698 met.
1580 1675 1608 1698 11
1625 1667 1700 1704 474,
1719 1666 1794 1703 664,

257 1722 330 1753 her.
343 1730 425 1753 xvn
441 1721 516 1759 223,
532 1720 615 1752 Luc.
631 1729 671 1751 IV
686 1721 763 1759 228,
776 1719 925 1751 fortasse
938 1719 1040 1760 Prop.
1056 1727 1069 1750 Ι
1086 1719 1106 1751 3
1121 1719 1174 1753 37.
1223 1729 1291 1760 qua
1308 1729 1392 1750 uoce
1408 1717 1503 1760 quod
1516 1717 1685 1749 Manilius
1701 1727 1798 1758 prae-

255 1776 352 1805 terea
376 1783 444 1804 non
470 1783 553 1804 usus
580 1774 645 1810 est,
671 1772 756 1803 item
783 1771 889 1803 semel
917 1781 993 1802 eam
1022 1770 1198 1812 Vergilius
1225 1770 1343 1812 posuit
1370 1780 1484 1812 georg.
1512 1778 1558 1801 111
1584 1769 1649 1801 ‘259
1732 1778 1798 1809 per

255 1824 402 1866 quinque
431 1828 572 1855 uocatur
596 1823 723 1864 partis,
757 1822 1039 1854 dodecatemorio
1070 1822 1106 1853 in
1137 1822 1291 1863 quinque
1322 1826 1440 1863 partes
1471 1821 1586 1852 diuiso
1615 1819 1795 1858 definitur,

255 1877 381 1918 quinta
397 1875 668 1907 dodecatemorii
684 1885 766 1916 pars
782 1878 836 1906 est
924 1873 988 1905 742
1012 1873 1160 1910 totidem,
1179 1873 1369 1905 subtractis
1388 1872 1533 1911 scilicet,
1551 1882 1641 1914 quae
1656 1872 1801 1914 proprio

256 1927 395 1960 nomine
414 1927 559 1965 lumina,
578 1928 682 1966 φῶτα,
703 1927 875 1966 φωστῆρεο·
894 1925 1129 1967 appellantur,
1150 1924 1228 1957 Sole
1247 1928 1283 1956 et
1300 1924 1399 1956 Luna
1486 1923 1550 1955 743
1572 1928 1675 1956 sortes
1697 1923 1797 1954 dimi-

257 1979 345 2017 dias,
365 1978 593 2020 semigradus,
613 1980 654 2009 ut
677 1978 741 2012 720
763 1977 928 2009 dimidias
949 1982 1077 2018 partes,
1098 1977 1161 2011 733
1183 1987 1233 2018 sq.
1255 1981 1357 2017 parte
1380 1975 1530 2007 dimidia
1617 1974 1681 2006 ’744
1703 1977 1800 2006 uires

255 2030 339 2069 Lm,
360 2041 428 2062 om.
452 2033 502 2062 GL
600 2039 668 2068 que
693 2028 766 2061 cod.
798 2029 905 2067 Flor.,
933 2030 995 2066 qui
1019 2031 1103 2059 GLM
1201 2030 1240 2059 in
1262 2030 1313 2059 eis
1336 2027 1410 2066 (ΠΡ,
1434 2029 1546 2059 imeis
1568 2029 1601 2065 L,
1626 2029 1741 2058 niueis
1763 2029 1798 2058 M

342 2084 424 2114 iura
439 2081 526 2113 Vrb.
546 2082 622 2120 668,
641 2089 727 2112 cura
743 2083 827 2112 GLM
916 2079 962 2112 eis
984 2083 1125 2121 praeter
1149 2079 1241 2111 hunc
1265 2090 1405 2111 uersum
1424 2078 1519 2120 apud
1540 2078 1650 2110 bonae
1671 2078 1800 2110 aetatis

257 2136 379 2176 poetas
395 2143 465 2165 non
480 2132 623 2164 uidetur
640 2136 784 2170 extare;
808 2131 870 2163 sed
890 2131 973 2163 uide
991 2132 1053 2165 707
1070 2141 1228 2173 quaeque
1249 2130 1294 2162 ad
1316 2130 1379 2165 377
1397 2135 1434 2162 et
1449 2130 1514 2162 542
1530 2129 1700 2162 adnotaui

300 2185 363 2216 745
386 2193 455 2223 quo
471 2193 632 2222 quaeque
644 2184 679 2222 ᾗ,
697 2185 881 2222 quousque
897 2183 1001 2214 libri:
1027 2182 1085 2214 uix
1110 2187 1204 2214 recte
1225 2181 1438 2214 scriberetur
1458 2181 1614 2223 quinque.
1663 2181 1735 2213 Cic.
1755 2180 1800 2212 de

257 2235 329 2268 diu.
346 2245 375 2268 11
392 2237 433 2269 89
448 2236 520 2268 uim
537 2235 714 2277 quandam
730 2245 795 2267 esse
811 2235 910 2266 aiunt
926 2234 1089 2275 sisynifero
1106 2235 1142 2265 in
1157 2234 1244 2272 orbe,
1264 2233 1323 2274 qui
1341 2233 1467 2265 Graece
1485 2232 1642 2273 ζῳδιακόσ
1657 2233 1795 2271 dicitur,

258 2288 371 2327 talem,
389 2292 425 2319 ut
442 2287 513 2319 eius
528 2287 617 2319 orbis
633 2296 856 2328 unaquaeque
867 2297 956 2327 par-3
971 2285 1045 2317 alia
1060 2285 1130 2317 alio
1151 2285 1250 2317 modo
1275 2290 1405 2316 moueat
1428 2284 1632 2326 inmutetque
1655 2284 1797 2322 caelum,

254 2338 399 2380 perinde
425 2343 461 2371 uc
492 2349 670 2380 quaeque
697 2338 838 2370 stellae
865 2337 902 2369 iu
926 2337 978 2369 his
994 2337 1223 2378 finitimisque
1249 2336 1405 2377 partibus
1431 2336 1498 2368 sint
1529 2346 1681 2377 quoque
1712 2340 1798 2368 tem-

255 2401 367 2432 pore,
386 2390 470 2422 ibid.
494 2391 532 2424 17
551 2390 668 2422 uidem
684 2414 692 2422 .
714 2415 721 2422 .
743 2413 750 2421 .
770 2400 836 2431 quo
859 2389 896 2421 iu
918 2389 1013 2429 siquo
1037 2399 1216 2430 quaeque
1239 2388 1430 2420 errantium
1452 2388 1626 2420 stellarum
1649 2397 1802 2428 quoque

257 2447 431 2484 tempore
439 2441 569 2482 futura
585 2441 638 2474 sic.
688 2441 792 2484 Verg.
813 2441 900 2472 Aen.
917 2449 972 2472 vn
989 2441 1053 2473 400
1069 2440 1267 2481 ubicumque
1286 2439 1356 2471 duo
1372 2439 1451 2471 libri
1474 2450 1536 2481 pro
1556 2438 1614 2471 ubi
1634 2449 1797 2481 quaeque,

259 2493 348 2526 Stat.
369 2493 477 2526 Theb.
498 2502 538 2525 ΧΙ
562 2494 623 2525 183
642 2492 840 2534 ubicumque
862 2502 991 2530 omnes,
1010 2491 1068 2523 ubi
1089 2502 1239 2533 quaeque
1260 2502 1302 2523 ex
1319 2491 1477 2533 Vergilio
1502 2490 1678 2529 Heinsius,
1700 2489 1795 2522 Man.

259 2554 289 2577 11
318 2546 382 2577 435
413 2554 629 2586 quaecuuque
659 2547 709 2576 GL
737 2554 802 2586 pro
833 2554 918 2585 quae
949 2543 1079 2584 cuique.
1140 2542 1343 2585 Maduigius
1373 2542 1418 2574 ad
1449 2542 1519 2575 Cic.
1547 2542 1590 2574 de
1620 2541 1678 2574 fin.
1706 2550 1730 2572 v
1757 2542 1801 2574 60

260 2598 507 2638 ‘quaecumque
520 2596 527 2609 ’
548 2596 665 2637 inquit
688 2595 1003 2637 ‘interrogatiuum
1025 2605 1093 2627 non
1114 2605 1200 2633 esse,
1219 2605 1282 2626 nec
1306 2594 1377 2625 (lici
1400 2593 1524 2625 Latine
1544 2593 1676 2632 uidebo,
1695 2603 1795 2634 quae-

259 2658 398 2688 cumque
419 2647 485 2679 sint
505 2647 656 2685 notitiae,
675 2647 777 2688 pueri
798 2646 953 2685 norunt,’
971 2645 1214 2678 Lachmannus
1235 2645 1280 2677 ad
1301 2645 1402 2677 Lucr.
1423 2654 1447 2676 v
1468 2645 1528 2677 311
1550 2647 1710 2685 ‘cumque
1732 2644 1799 2676 nisi

259 2709 338 2731 cum
355 2698 513 2730 relatiuis
529 2699 754 2730 coniunctum
770 2697 891 2740 lingua
906 2697 1031 2729 Latina
1047 2708 1116 2729 non
1133 2696 1316 2739 agnoscit.'
1353 2699 1392 2728 at
1407 2696 1501 2738 quod
1513 2706 1613 2728 nosse
1629 2698 1801 2738 putantur

260 2750 359 2792 pueri
382 2749 419 2782 id
442 2753 505 2781 aut
527 2750 733 2792 ignorarunt
756 2752 819 2781 aut
843 2749 944 2780 obliti
968 2752 1051 2780 sunt
1074 2748 1214 2780 Manilii
1237 2748 1389 2780 editores
1412 2747 1458 2780 ad
1480 2758 1588 2779 unum
1612 2757 1730 2780 omnes
1757 2757 1800 2778 ne

260 2800 421 2833 Bentleio
439 2800 580 2842 quidem
605 2804 775 2842 excepto;
807 2804 847 2831 ut
870 2800 974 2832 uenia
1000 2803 1126 2841 parata
1151 2801 1199 2832 sit
1223 2799 1365 2831 Horatii
1392 2798 1646 2841 interpretibus
1670 2798 1801 2830 Adolfo

261 2851 476 2894 Kiesslingio
498 2857 535 2883 et
558 2851 712 2883 Luciano
736 2851 917 2889 Muellero,
945 2851 1005 2893 qui
1029 2851 1165 2891 syesserz'c
1189 2861 1294 2883 carm.
1317 2860 1329 2882 1
1353 2851 1374 2883 6
1396 2853 1416 2883 4
1439 2850 1703 2882 coniunctiuum
1726 2859 1801 2882 esse

261 2902 401 2941 docent,
420 2903 455 2934 in
472 2902 538 2941 his,
557 2902 712 2934 scriberis
729 2927 736 2934 .
757 2927 764 2934 .
786 2927 793 2935 .
814 2902 959 2934 hostium
980 2902 1098 2939 uictor,
1120 2927 1128 2934 .
1149 2927 1156 2934 .
1178 2927 1185 2934 .
1206 2912 1309 2943 quam
1330 2912 1401 2934 rem
1420 2911 1559 2943 cumque
1577 2926 1584 2934 .
1605 2926 1612 2933 .
1634 2925 1641 2933 .
1661 2900 1756 2933 miles
1771 2906 1801 2933 ee
