1931 3202
638 134 1123 182 ASTRONOMICON
1164 139 1214 182 II
1619 147 1637 184 1
1648 147 1697 185 17

331 247 420 302 [cui
440 249 558 304 parti
579 264 739 291 nomen
760 251 918 306 posuit,
941 251 1015 306 qui
1037 251 1236 293 condidit
1257 255 1408 302 artem,

329 325 578 379 octotropos
594 340 602 374 3
632 339 710 380 per
731 324 846 380 quod
867 326 1020 366 stellae
1041 326 1216 367 diuersa
1236 327 1437 368 uolantes

205 405 271 440 970
331 411 440 452 quos
461 398 650 440 reddant
671 402 828 447 motus,
849 400 1026 455 proprio
1047 401 1172 442 uenit
1192 401 1345 443 ordine
1367 403 1543 456 rerum]

155 524 185 555 si
212 524 383 566 scriptum
411 528 504 557 esset
521 527 675 566 posuerit
772 526 924 557 968-970
951 526 1066 558 deleui
1163 527 1225 558 968
1253 530 1310 559 cui
1337 528 1501 570 Scaliger,
1529 531 1590 566 qui
1617 528 1697 560 libri

240 579 357 608 artem
372 579 418 615 Μ,
436 586 553 609 arcem
569 580 618 609 GL
705 577 768 608 969
784 581 986 616 octotropos
1001 582 1036 616 G,
1057 582 1135 610 octo
1150 582 1272 617 tropos
1287 583 1356 617 LM,
1376 585 1446 611 occo
1462 586 1556 620 topos
1572 579 1695 621 Regio-

155 630 354 667 montanus,
373 629 410 659 in
426 639 494 670 quo
510 633 605 669 topos
625 639 693 670 pro·
706 629 791 660 locis
812 631 965 671 positum
983 630 1172 662 Salmasius
1195 632 1320 662 merito
1342 631 1484 670 inridet,
1504 631 1698 672 probarunt

153 683 283 718 tamen,
303 679 438 712 adscito
460 691 502 711 ex
524 680 598 712 cod.
619 680 710 712 Flor.
731 691 824 721 quae,
843 685 879 712 et
901 680 1055 723 Scaliger
1078 684 1115 713 et
1131 681 1334 720 Bentleius3
1359 683 1476 724 Fayus
1498 687 1534 713 et
1550 682 1697 714 Iacobus

152 741 232 762 cum
247 735 415 772 octotopos
435 730 581 764 ederent
602 732 896 774 palimbacchium
918 744 954 764 se
977 744 1040 774 pro
1062 733 1205 774 dactylo
1222 734 1386 765 exhibere
1408 745 1477 765 non
1498 738 1692 765 senserunt.

152 782 266 814 multo
294 782 433 815 doctius
461 787 496 814 et
520 783 731 825 prudentius
755 783 945 816 Salmasius
968 785 1011 815 de
1037 795 1092 816 an.
1114 785 1205 816 clim.
1228 796 1261 827 p.
1285 786 1345 819 187
1373 790 1610 826 octacropon
1634 796 1697 825 per

153 844 272 874 quam
294 835 488 877 proposuit,
508 845 719 877 quamquam
736 836 772 867 in
795 836 933 867 relatiui
952 847 1077 878 genere
1094 837 1394 878 interpolatorem,
1414 842 1454 868 ut
1475 838 1608 878 opinor,
1627 848 1694 868 non

153 885 304 917 scribam
321 886 484 918 correxit.
534 887 595 918 sed
616 887 855 919 nominatiuus
872 898 971 919 casus
990 898 1051 919 cur
1072 891 1271 919 mutaretur
1293 899 1360 919 non
1383 892 1469 926 erat,
1490 899 1591 930 quem
1610 890 1696 920 satis

152 937 338 970 uindicaui-1
361 937 463 970 Ouid.
485 942 566 970 met.
587 947 638 969 xv
661 939 703 970 96
726 943 820 970 uetus
845 939 907 970 illa
931 944 1036 977 acca-s,
1063 939 1118 971 cui
1132 939 1282 979 fecimus
1307 950 1431 971 (nitrea
1456 951 1586 978 nomen,
1611 940 1691 971 fast.

152 998 166 1020 Ι
189 989 251 1021 331
276 999 379 1029 pecus
403 990 566 1031 antiquus
591 990 721 1022 dicebat
750 990 898 1031 ayonia
929 1001 1036 1022 sermo
1065 991 1112 1029 (in
1140 1002 1209 1032 quo
1237 991 1402 1022 aberrant
1429 991 1692 1033 lexicographi),

154 1039 250 1073 Suet.
271 1040 394 1073 Claud.
415 1043 458 1073 24
484 1041 631 1073 Gabinio
653 1042 829 1074 Secundo.
852 1067 858 1073 .
881 1066 887 1073 .
908 1053 1086 1083 coynomen
1116 1042 1319 1074 Cauchius
1346 1053 1514 1083 usurpare
1539 1043 1694 1075 conces-sic

151 1092 362 1134 similiaque.
412 1094 498 1125 item
515 1093 608 1125 iusto
631 1094 788 1125 seuerius
810 1093 964 1136 Scaliger
990 1094 1149 1126 ‘diuersa
1170 1094 1306 1126 ποίαν-ε’
1331 1094 1448 1136 inquit
1474 1095 1552 1136 ‘qui
1570 1094 1694 1126 Latine

151 1144 219 1176 scit
234 1155 347 1186 neque
363 1145 550 1186 usurpabit
571 1156 683 1187 neque
704 1145 888 1187 probabit'
913 1145 1079 1186 iubetque
1101 1145 1206 1177 scribi
1229 1147 1394 1184 uolente-33
1422 1156 1501 1177 nam
1524 1146 1612 1177 illud
1629 1146 1694 1177 etsi

152 1206 222 1228 non
249 1196 443 1228 rectissime
471 1197 604 1229 dicitur
632 1200 756 1238 (neque
784 1197 877 1228 enim
905 1197 1037 1228 diuersi
1067 1197 1210 1228 uolandi
1237 1197 1331 1229 modi
1358 1197 1603 1239 significantur
1633 1198 1694 1229 sed

151 1248 293 1280 uolatus
320 1249 357 1280 in
384 1248 542 1280 diuersas
566 1252 686 1290 partes
716 1249 798 1287 acti,
824 1253 865 1280 ut
896 1249 998 1290 plane
1030 1249 1160 1290 requiri
1188 1249 1361 1287 uideatur,
1393 1249 1484 1290 quod
1513 1249 1694 1280 Bentleius

151 1300 312 1338 coniecit,
342 1300 378 1331 in
405 1300 570 1339 diuersa),
602 1301 709 1332 habet
740 1304 869 1339 tamen,
900 1300 1027 1342 quibus
1057 1311 1093 1332 se
1120 1303 1274 1339 tueatur,
1305 1301 1463 1342 exempla
1491 1312 1511 1331 a
1539 1300 1575 1332 C.
1596 1301 1630 1332 F.
1648 1301 1688 1332 G.

153 1351 326 1383 Muellero
349 1355 444 1393 synt.
472 1363 563 1384 nom.
585 1356 621 1383 et
647 1363 717 1384 acc.
744 1363 799 1393 pp.
821 1354 863 1384 84
890 1363 939 1393 sq.
960 1352 1091 1390 adlata,
1116 1352 1206 1384 Stat.
1232 1352 1339 1383 Theb.
1364 1361 1403 1383 ΧΙ
1434 1353 1494 1384 113
1519 1352 1689 1383 diuersum

151 1403 262 1435 abiere.
283 1414 413 1436 sorores
429 1407 466 1436 et
489 1404 576 1435 Ach.
598 1413 627 1435 11
646 1406 706 1436 158
729 1403 939 1445 (Scyreides)
963 1404 1064 1435 obuia
1083 1414 1210 1435 uer-sae.
1259 1414 1469 1445 quamquam
1494 1414 1615 1434 uerum
1639 1410 1692 1435 est

147 1455 263 1497 ipsum
280 1455 467 1487 Manilium
489 1455 660 1497 pluralem
677 1456 846 1487 adiectiui
866 1466 1050 1487 numerum
1067 1466 1129 1497 pro
1150 1455 1318 1486 aduerbio
1335 1466 1504 1496 nusquam
1521 1455 1690 1496 posuisse,

149 1507 326 1539 rarissime
353 1507 577 1549 singularem,
604 1507 704 1538 uelut
728 1517 752 1537 v
776 1508 840 1539 566
863 1518 977 1538 aura.
1000 1532 1007 1538 .
1030 1532 1036 1538 .
1057 1506 1229 1538 resouauic
1246 1506 1359 1547 flebile
1447 1506 1507 1538 sed
1533 1510 1692 1548 superest

147 1563 189 1590 ut
212 1558 255 1590 de
280 1559 447 1591 uniuersa
470 1570 573 1591 causa
596 1558 722 1590 horum
746 1559 854 1590 trium
878 1569 1042 1590 uersuum
1067 1558 1243 1600 disputem
1268 1563 1303 1589 et
1328 1569 1389 1589 cur
1412 1569 1469 1590 eos
1492 1558 1691 1590 secluserim

148 1621 330 1652 exponam.
383 1611 461 1642 ‘cui
485 1611 690 1652 disciplinae
715 1610 946 1652 astrologicae
973 1610 1084 1651 parti'
1110 1611 1225 1652 inquit
1253 1610 1357 1641 ‘artis
1382 1610 1543 1641 conditor
1566 1620 1691 1641 nomen

145 1662 266 1704 posuit
288 1662 512 1704 octotropos.'
560 1663 616 1694 hic
640 1662 804 1704 Scaliger,
835 1662 937 1693 homo
961 1662 1108 1702 simplex
1132 1662 1261 1703 quique
1284 1661 1338 1693 bis
1362 1661 1442 1692 bina
1465 1664 1552 1703 quot
1575 1664 1691 1693 essent

147 1714 342 1753 didicisset,
364 1717 372 1731 ‘
385 1715 512 1746 mirum
529 1725 612 1746 uero
626 1716 804 1745 ὀκτάτοπον
815 1714 918 1745 '-—sic
935 1714 1026 1744 enim
1049 1724 1156 1754 praue
1173 1713 1325 1744 scribere
1346 1712 1537 1744 solebat-J
1551 1716 1689 1744 tantum

145 1765 228 1806 dici,
251 1777 340 1808 quae
362 1767 503 1798 omnino
528 1766 923 1797 δωδεκάτοποσ’-11111110
946 1764 1346 1805 δωδεκάτροποσ-“511;’;
1374 1775 1478 1806 quam
1504 1765 1689 1806 ingenuam

146 1818 362 1850 rectissimae
394 1818 628 1849 dubitationis
662 1817 912 1849 confessionem
943 1817 1147 1848 Bouchaeus
1174 1816 1419 1857 Leclercquius
1449 1819 1532 1847 astr.
1564 1816 1684 1847 Graec.

145 1880 179 1911 p.
199 1869 265 1904 276
288 1869 408 1912 inepta
429 1869 559 1912 excipit
581 1869 816 1907 cauillatione,
841 1869 1034 1900 ‘s'etonner
1058 1868 1147 1899 n'est
1170 1879 1232 1909 pas
1254 1867 1459 1909 expliquer.'
1506 1868 1580 1909 ipse
1603 1867 1689 1909 quid

145 1924 250 1964 putet
275 1932 349 1953 esse
374 1921 549 1963 explicare
575 1924 744 1962 quattuor
771 1921 948 1952 continuis
974 1920 1111 1961 paginis
1133 1920 1241 1953 276-9
1266 1919 1381 1961 palam
1406 1919 1503 1957 facit,
1530 1918 1590 1950 ubi
1615 1923 1688 1950 tam

145 1973 333 2005 manifesto
358 1977 483 2015 poetae
507 1973 634 2012 locum,
658 1983 760 2014 quem
785 1972 884 2003 nobis
908 1982 1070 2003 enarrare
1095 1982 1164 2002 non
1189 1970 1374 2009 erubescit,
1401 1971 1474 2012 ipse
1497 1981 1540 2001 ne
1564 1970 1687 2012 legisse

144 2024 287 2067 quidem
311 2024 599 2067 deprehenditur,
619 2028 660 2056 ut
683 2035 751 2055 non
777 2023 989 2055 refellendus
1012 2024 1060 2054 sit
1083 2023 1143 2054 sed
1168 2022 1343 2054 notandus
1368 2026 1506 2053 tantum
1530 2027 1566 2053 et
1589 2032 1684 2063 prae-

144 2076 348 2109 tereundus.
397 2076 458 2108 sed
476 2075 631 2118 Scaliger
647 2086 743 2107 suain
766 2076 840 2117 ipse
857 2075 1114 2106 dubitationem
1138 2074 1187 2105 sic
1209 2074 1338 2105 eleuari
1359 2084 1458 2115 posse
1479 2074 1622 2114 putauit
1645 2076 1685 2105 ut

143 2132 314 2171 quattuor
330 2128 489 2160 cardines
507 2128 613 2170 (quod
630 2138 753 2159 nomen
771 2138 835 2169 pro
857 2127 942 2158 loeis
962 2125 1215 2168 principalibus
1231 2136 1300 2156 non
1321 2129 1415 2156 recte
1436 2125 1548 2166 ponit)
1571 2135 1632 2166 per
1648 2136 1685 2156 se

143 2180 359 2213 considerari
383 2180 528 2219 diceret,
547 2190 659 2221 neque
683 2179 787 2211 aliter
804 2178 994 2211 Salmasius
1019 2181 1026 2194 ‘
1038 2178 1067 2209 si
1084 2178 1215 2209 eximas
1237 2180 1404 2218 quattuor
1420 2176 1579 2208 cardines
1595 2187 1684 2218 quae

141 2234 255 2276 prima
271 2235 440 2274 quattuor
455 2232 531 2264 loca
547 2235 641 2270 sunt,
661 2241 819 2273 quaeque
835 2233 979 2272 propter
998 2232 1210 2271 potestatem
1228 2229 1394 2260 uidentur
1410 2232 1511 2259 extra
1526 2228 1682 2259 ordinem

140 2285 314 2328 ponenda,
333 2284 469 2326 reliqua
489 2287 567 2315 octo
584 2283 659 2315 loca
675 2282 811 2314 dabunt
826 2284 885 2320 τὴν
902 2281 1124 2322 ὀκτάτροπον,’
1146 2281 1338 2322 Pingraeus
1362 2282 1369 2296 ‘
1382 2291 1420 2311 ce
1436 2282 1516 2311 sont
1531 2279 1581 2311 les
1602 2279 1682 2311 huit

141 2337 294 2369 maisons
320 2335 600 2368 intermediaires
632 2337 731 2366 entre
761 2334 811 2365 les
838 2338 963 2375 quatre
994 2333 1144 2364 maisons
1171 2331 1406 2369 cardinales'3
1444 2331 1537 2372 quod
1565 2334 1680 2363 totum

140 2389 262 2421 fictum
279 2391 344 2427 est,
362 2388 461 2420 nullo
477 2386 720 2420 confirmatum
737 2389 892 2423 auctore,
910 2385 1006 2416 nullo
1028 2394 1174 2425 usquam
1197 2383 1302 2414 uerbo
1323 2394 1344 2413 a
1365 2382 1512 2413 Manilio
1530 2382 1678 2423 signific-

140 2444 260 2473 atum:
292 2439 384 2472 bella
408 2450 492 2471 uero
514 2438 617 2477 ratio,
644 2438 679 2469 iu
703 2438 788 2469 locis
811 2436 1036 2468 numerandis
1059 2435 1267 2477 principalia
1290 2437 1458 2475 quattuor
1484 2444 1546 2475 pro
1573 2434 1679 2466 nullis

141 2492 272 2524 haberi.
320 2491 514 2523 Bechertus
537 2501 600 2522 sua
623 2490 756 2521 somnia
779 2499 919 2520 narrare
947 2487 1093 2526 mauult,
1122 2497 1210 2528 quae
1236 2485 1437 2517 huiusmodi
1463 2489 1567 2516 sunt:
1605 2485 1680 2517 ‘cui

136 2543 236 2586 parci
258 2544 316 2576 i.e.
335 2543 405 2575 illis
427 2546 507 2574 octo
530 2542 667 2580 castris,
691 2540 818 2583 quibus
842 2539 899 2571 dei
922 2542 1110 2581 praesunt:
1139 2547 1235 2570 1.111.
1253 2546 1368 2569 1v.v1.
1387 2539 1413 2576 (?
1425 2536 1551 2568 Martis
1574 2547 1677 2578 quem

140 2598 226 2635 om.)
242 2604 308 2627 vn.
323 2603 373 2627 Ix.
389 2603 425 2626 x.
439 2593 505 2626 XL'
550 2593 604 2624 his
625 2592 786 2625 omnibus
807 2592 954 2623 nouiciis
975 2590 1180 2622 commentis
1199 2589 1335 2620 omissis
1356 2588 1536 2619 uideamus
1553 2588 1677 2630 ecquid

139 2647 339 2690 antiquitus
355 2646 398 2678 de
414 2648 597 2687 octotropo
618 2644 792 2676 traditum
813 2644 870 2675 sit.
920 2646 1105 2684 utramque
1126 2641 1275 2673 nominis
1296 2641 1454 2678 formam,
1474 2641 1677 2680 ὀκτώτροποσ

140 2703 177 2732 et
196 2700 407 2740 ὀκτάτροποσ,
425 2698 559 2739 pariter
582 2697 746 2738 ignorant
766 2694 1026 2736 lexicographi:
1051 2704 1124 2735 eg0,
1144 2698 1185 2724 ut
1205 2692 1270 2724 hoo
1291 2702 1360 2723 uno
1382 2691 1456 2722 loco
1477 2696 1674 2732 octolropos,

140 2751 226 2784 item
253 2749 359 2782 semel
386 2760 450 2781 nec
477 2749 614 2790 saepius
642 2748 843 2788 ὀκτάτροποσ
869 2757 924 2778 1110
951 2746 1065 2787 legere
1091 2744 1244 2782 memini,
1271 2743 1368 2775 Vett.
1388 2742 1462 2774 Val.
1482 2753 1515 2784 p.
1532 2743 1596 2775 334
1618 2742 1674 2782 20,

139 2802 201 2835 ubi
225 2802 339 2834 obiter
363 2812 403 2833 ea
428 2811 482 2832 res
507 2802 808 2837 commemoratur,
834 2798 885 2830 ita
907 2801 948 2829 ut
973 2797 1016 2829 de
1043 2795 1298 2839 significatione
1325 2794 1423 2826 uerbi
1448 2793 1536 2825 nihil
1559 2793 1676 2836 colligi

141 2854 274 2897 possit:
302 2855 385 2885 ἔστω
409 2853 425 2884 ὀ
447 2853 550 2892 λό’γοσ·
572 2854 644 2892 περὶ
668 2853 730 2890 τῆσ
753 2851 1003 2891 δωδεκατρόπου.
1053 2850 1087 2880 ἐκ
1114 2850 1237 2886 ταύτησ
1263 2848 1327 2887 ’γὰρ
1354 2847 1404 2877 καὶ
1432 2846 1448 2876 ὁ
1474 2845 1675 2883 Ἀσκληπιὸσ

141 2907 283 2946 κινηθεὶσ
310 2906 459 2943 συνέταξε
485 2905 526 2935 τὰ.
554 2906 693 2935 πλεῖστα
720 2905 773 2935 καὶ
799 2904 898 2942 ἕτεροι
927 2902 960 2932 δὲ
987 2902 1104 2932 πολλοὶ
1130 2900 1314 2939 Αἰγυπτίων
1345 2910 1379 2928 τε
1410 2899 1462 2928 καὶ
1488 2898 1671 2929 Χαλδαίων.
