1931 3202
207 80 257 120 16
808 76 870 119 M.
900 76 1148 119 MANILII

254 199 314 230 145
374 189 451 231 illa
472 188 584 238 fluit,
606 203 717 245 quae
738 188 932 238 diuitias,
955 203 1066 244 quae
1088 188 1238 245 diligit
1258 203 1429 239 aurum,

373 264 558 320 imperia
580 267 624 305 et
645 263 784 305 fasces
806 263 1067 318 mollemque
1088 277 1166 318 per
1187 263 1279 305 otia
1299 263 1456 305 luxum

375 340 419 379 et
439 337 622 380 blandos
643 337 830 378 aduersa
850 350 978 378 sonos
999 336 1257 392 dulcemque
1278 352 1354 393 per
1376 351 1504 379 aures

374 412 593 462 affectum,
613 415 665 453 ut
686 410 855 452 modico
876 410 1095 452 noscenda
1115 410 1172 452 ad
1193 410 1290 453 fata
1310 411 1471 454 labore.

374 486 455 528 hoc
476 500 648 542 quoque
671 485 865 527 fatorum
887 487 966 535 est,
987 485 1127 540 legem
1153 485 1397 541 perdiscere
1419 484 1514 528 fati.

254 569 315 602 150
432 564 477 602 et
496 560 688 616 primum
710 562 931 601 astrorum
953 559 1079 600 uaria
1100 562 1167 601 est
1187 563 1350 602 natura
1370 560 1569 602 notanda

374 634 642 676 carminibus
658 648 737 690 per
752 636 990 689 utrumque
1006 648 1156 689 genus.
1207 648 1310 675 nam
1327 635 1522 677 mascula
1538 649 1616 677 sex
1632 638 1748 685 sunt,

374 708 539 750 diuersi
560 708 746 750 totidem
768 707 942 764 generis
963 708 1045 749 sub
1066 707 1265 764 principe
1286 708 1454 751 Tauro:

374 783 515 825 cernis
536 785 587 824 ut
608 796 785 823 auersos
806 781 1028 823 redeundo
1050 785 1206 838 surgat
1228 782 1274 823 in
1294 785 1428 824 artus,

375 857 601 899 alternant
621 870 760 912 genus
782 860 826 898 et
847 856 1018 898 uicibus
1039 856 1272 898 uariantur
1292 856 1338 898 in
1360 856 1520 899 orbem.

199 983 322 1015 eadem
343 983 415 1015 sint
435 993 537 1015 sacra
557 983 758 1015 commercia
775 992 893 1014 rerum
917 993 950 1014 u.
973 982 1056 1014 125:
1081 982 1169 1014 mihi
1189 993 1259 1014 non
1278 982 1404 1024 liquet,
1425 994 1507 1015 nam
1526 983 1631 1016 aliter
1651 993 1750 1016 sacro

201 1040 313 1067 meatu
329 1034 460 1067 dicitur
477 1044 490 1066 1
505 1035 582 1073 250,
601 1034 698 1066 aliud
719 1034 827 1065 etiam
843 1034 908 1065 hoc
923 1044 1049 1065 nomen
1066 1033 1245 1066 declarare
1263 1034 1354 1066 solet
1373 1034 1434 1066 ubi
1450 1034 1494 1066 de
1515 1035 1621 1067 astris
1636 1045 1750 1068 sermo

201 1090 266 1126 est,
284 1086 385 1119 uelut
403 1086 505 1129 Verg.
525 1087 613 1118 Aen.
633 1095 673 1117 VI
697 1086 772 1124 849,
792 1085 874 1117 Luc.
896 1095 910 1117 1
933 1086 1019 1124 663;
1045 1090 1083 1118 et
1106 1085 1158 1117 ita
1182 1085 1353 1118 Manilius
1376 1095 1406 1118 11
1431 1087 1493 1119 168
1516 1088 1615 1127 siqua
1636 1092 1751 1119 meant

289 1137 448 1177 145-148,
468 1138 529 1180 qui
540 1137 661 1180 quales
674 1138 710 1169 in
723 1137 823 1169 libris
837 1136 1012 1169 habentur
1024 1148 1044 1168 a
1055 1137 1153 1169 nullo
1165 1141 1270 1179 poeta
1283 1137 1410 1170 Latino
1423 1138 1529 1170 scribi
1541 1141 1747 1180 potuerunt,

201 1190 385 1222 Bentleius
409 1190 513 1222 eiecit
603 1188 665 1220 145
697 1189 759 1220 illa
781 1188 877 1230 fluit.
911 1188 1000 1221 fluat
1026 1192 1144 1221 stetne
1170 1200 1241 1220 non
1267 1189 1420 1221 multum
1451 1190 1622 1229 interest;
1661 1189 1751 1222 illud

202 1241 390 1274 dicendum
417 1244 506 1280 erat,
532 1241 698 1272 maiorem
717 1240 830 1272 altera
854 1244 962 1282 atque
989 1240 1076 1272 adeo
1101 1241 1289 1272 maximam
1313 1251 1397 1273 esse.
1446 1241 1541 1283 quod
1566 1252 1645 1273 cum
1668 1252 1751 1284 pars

201 1294 436 1335 interpretum
461 1303 498 1325 se
522 1292 647 1325 furtim
672 1303 870 1334 supponere
894 1302 996 1334 posse
1020 1292 1229 1334 sperauerit,
1258 1303 1340 1334 pars
1364 1303 1408 1325 ne
1434 1293 1585 1326 senserit
1608 1293 1750 1335 quidem

201 1345 333 1386 deesse,
359 1345 562 1387 Pingraeus,
589 1344 759 1386 simplicis
780 1347 818 1376 et
844 1344 932 1376 recti
960 1343 1082 1376 iudicii
1111 1344 1226 1383 homo,
1259 1344 1321 1376 illa
1342 1344 1542 1386 frequens
1568 1345 1751 1387 reposuit;

202 1407 314 1439 neque
345 1396 551 1428 incredibile
582 1404 636 1428 est
666 1395 779 1427 altera
809 1395 946 1438 syllaba.
976 1396 1021 1427 ab
1054 1396 1255 1437 insequenti
1293 1396 1401 1427 uerbo
1439 1397 1566 1428 hausta
1603 1397 1751 1429 alteram

202 1451 393 1491 utcumque
412 1448 698 1480 reconcinnatam
717 1458 802 1480 esse.
852 1447 913 1479 sed
934 1448 1084 1479 fortasse
1102 1452 1183 1489 post
1207 1449 1269 1479 144
1290 1458 1411 1479 uersus
1431 1448 1614 1480 intercidit
1629 1449 1666 1480 in
1681 1459 1751 1491 quo

202 1500 310 1532 fuerit
333 1500 433 1532 uelut
455 1500 611 1532 maxima
638 1499 771 1540 passim
868 1499 930 1530 147
961 1502 1109 1531 blandos
1125 1524 1132 1531 .
1155 1523 1162 1531 .
1183 1522 1191 1529 .
1209 1508 1312 1532 sonos
1339 1499 1494 1542 Scaliger
1517 1500 1570 1532 ed.
1594 1502 1610 1532 l
1643 1500 1752 1540 (idem

201 1553 249 1584 ad
265 1552 395 1592 uerba),
419 1554 559 1583 blandis
576 1576 584 1584 .
605 1575 612 1583 .
633 1576 640 1583 .
662 1553 760 1583 sonis
776 1550 859 1582 libri
874 1554 1020 1593 propter
1035 1551 1197 1590 aduersa,
1216 1561 1428 1592 quamquam
1448 1552 1583 1583 blandis
1601 1552 1752 1584 aduersa

201 1603 291 1636 sonis
321 1614 411 1645 quae
441 1604 514 1635 sint
550 1607 613 1635 aut
649 1613 719 1644 quo
748 1602 889 1634 nomine
923 1602 1118 1643 diligantur
1147 1613 1249 1634 nemo
1282 1602 1402 1635 adhuc
1437 1603 1641 1645 explicauit.
1689 1603 1752 1635 sed

203 1655 353 1687 aduersa
369 1665 437 1697 quo
453 1655 578 1686 referri
595 1653 739 1686 deberet
755 1665 834 1686 cum
851 1654 1006 1696 Scaliger
1021 1664 1090 1685 non
1110 1654 1271 1693 uidisset,
1289 1654 1382 1686 uidit
1406 1655 1441 1687 F.
1461 1654 1596 1694 Iunius,
1616 1655 1752 1687 scilicet

202 1707 248 1739 ad
265 1706 460 1739 subiectum
478 1706 685 1745 sententiae,
705 1705 845 1737 turbam
863 1706 916 1737 illi
932 1706 1095 1737 minimae
1113 1705 1237 1737 turbae
1253 1716 1296 1737 ex
1312 1705 1460 1738 aduerso
1476 1707 1636 1748 positam.
1684 1707 1754 1738 etsi

204 1759 323 1800 aptius
346 1759 490 1790 uidetur
514 1758 666 1796 diuersa,
691 1758 728 1789 in
747 1757 841 1799 quod
865 1768 947 1789 casu
971 1761 1008 1789 et
1030 1768 1146 1789 errore
1169 1757 1324 1800 Scaliger
1344 1758 1471 1790 incidit
1494 1769 1572 1790 cum
1598 1758 1634 1790 in
1657 1758 1711 1790 ed.
1731 1758 1753 1790 2

204 1810 339 1842 blandis
365 1810 506 1842 diuersa
529 1809 619 1842 sonis
641 1809 841 1848 coniceret;
872 1820 935 1840 nec
959 1819 1038 1840 raro
1063 1820 1103 1840 ea
1127 1809 1236 1841 uerba
1257 1809 1401 1841 confusa
1425 1812 1518 1849 sunt,
1548 1810 1648 1841 uelut
1671 1820 1752 1842 mox

204 1873 237 1894 u.
260 1863 322 1896 170
412 1861 473 1892 148
504 1867 540 1893 ut
566 1861 696 1893 modico
721 1861 834 1893 labore
856 1861 904 1892 ad
927 1861 1095 1893 noscenda
1109 1861 1207 1901 j'czla,
1233 1866 1275 1893 ut
1295 1871 1350 1893 res
1373 1872 1442 1893 non
1467 1862 1585 1903 magni
1607 1861 1749 1900 laboris,

204 1914 233 1945 si
264 1924 343 1945 cum
374 1913 528 1945 fatorum
560 1913 833 1954 inuestigatione
864 1915 1121 1954 comparentur.
1170 1913 1222 1944 ita
1251 1915 1347 1944 recte
1373 1912 1543 1945 Iacobus:
1576 1912 1752 1955 Scaligero

205 1966 362 1997 homines
377 1965 506 1997 modici
521 1964 651 1996 laboris
667 1965 742 1996 siue
758 1966 949 2005 ἀφερέπονοι
966 1964 1034 1996 dici
1051 1964 1277 2003 uidebantur,
1300 1965 1362 2006 qui
1379 1964 1463 1996 fatis
1482 1965 1666 1996 noscendis
1682 1975 1752 1996 non

205 2017 354 2049 multum
378 2016 506 2049 laboris
526 2015 772 2058 impenderent
861 2015 923 2046 149
946 2016 1011 2047 hoc
1032 2026 1170 2057 quoque
1189 2026 1209 2047 a
1232 2016 1315 2048 fatis
1335 2016 1458 2048 datum
1479 2016 1659 2056 habemus,
1682 2027 1753 2048 non

204 2075 326 2101 nostra
350 2072 475 2110 sponte
495 2068 654 2107 facimus,
676 2071 718 2099 ut
741 2067 809 2099 fati
831 2067 943 2109 legem
967 2067 1117 2099 uelimus
1141 2067 1348 2109 perdiscere.
1399 2076 1438 2099 IV
1460 2069 1521 2100 118
1542 2068 1602 2100 hoc
1621 2078 1753 2109 quoque

196 2121 312 2161 fatale
343 2125 401 2159 esc,
433 2120 481 2152 sic
507 2120 621 2161 ipsum
651 2119 838 2160 expendere
859 2119 981 2159 satum
1091 2118 1239 2150 150-269
1269 2119 1368 2160 signa
1397 2119 1530 2151 zodiaci
1561 2119 1752 2151 secundum

204 2172 422 2214 singulorum
439 2176 601 2203 naturam
614 2172 650 2203 in
667 2182 729 2203 sua
744 2170 907 2212 quodque
923 2181 1052 2212 genera
1067 2171 1174 2202 uariis
1190 2170 1386 2202 rationibus
1402 2171 1667 2203 distribuuntur

249 2223 398 2254 150-154
421 2223 615 2255 masculina
631 2227 668 2254 et
689 2223 867 2254 feminina.
917 2222 1016 2254 Paul.
1037 2222 1140 2254 Alex.
1166 2222 1220 2254 ed.
1244 2224 1328 2255 1586
1349 2222 1408 2254 fol.
1434 2222 1464 2254 B
1486 2224 1639 2263 ἀρσενικὰ
1656 2221 1753 2263 ζῴδιά

205 2278 265 2307 εἱσι
281 2277 372 2307 τάδε·
390 2277 493 2316 Κριὸσ
509 2277 641 2313 Δίδυμοι
658 2276 748 2306 Λέων
766 2275 873 2314 Ζυγὸσ
889 2273 1225 2315 ΤοξότησὝδροχόοσ.
1269 2276 1390 2313 θηλυκὰ
1413 2276 1447 2305 δὲ
1465 2274 1561 2315 ζῴδια.
1577 2276 1617 2306 τὰ
1633 2277 1752 2306 τούτων

207 2329 380 2359 ὑπόλοιπα·
413 2329 538 2367 Ταῦροσ
562 2327 726 2367 Καρκίνοσ
754 2327 925 2366 Παρθένοσ
951 2327 1114 2366 Σκορπίοσ
1141 2327 1326 2366 Αἰγόκερωσ
1346 2324 1490 2366 Ἰχθύεσ.
1539 2328 1592 2357 καί
1615 2327 1753 2358 καθόλου

205 2381 305 2410 εἰπεῖν
329 2381 390 2410 ὅσα
406 2380 554 2419 περιττὸν
579 2379 710 2419 ἀριθμὸν
735 2379 910 2417 ἐκδέχεται,
931 2378 996 2408 ἀπὸ
1017 2379 1144 2418 πρώτου
1165 2379 1263 2418 Κριοῦ
1283 2379 1455 2418 ἀρχόμενα,
1479 2379 1581 2409 ταῦτα
1602 2379 1752 2419 ἀρσενικὰ

206 2433 350 2469 νοείσθω,
374 2432 435 2462 ὅσα
463 2432 497 2462 δὲ
525 2431 644 2470 ἄρτιον,
670 2431 772 2460 ταῦτα
800 2430 923 2467 θηλυκά
1013 2429 1072 2459 151
1104 2439 1220 2469 glenus,
1247 2440 1380 2468 sexum,
1406 2431 1448 2460 ut
1473 2430 1546 2467 152,
1574 2431 1645 2468 154,
1674 2430 1748 2468 380,

205 2484 280 2521 384,
304 2484 379 2521 388,
401 2482 476 2520 412,
501 2483 588 2520 4143
612 2481 717 2513 aliter
739 2481 803 2512 224
827 2484 864 2512 et
887 2480 1026 2522 saepius
1116 2481 1177 2511 153
1208 2491 1230 2511 v
1247 2481 1312 2513 232
1330 2480 1440 2512 cerni-3
1458 2485 1494 2512 ut
1515 2481 1629 2521 ipsum
1649 2480 1754 2513 eciam

204 2534 300 2566 sidus
318 2539 458 2565 uenetur
480 2533 516 2564 in
537 2533 641 2565 astris
729 2541 874 2564 auersos
891 2557 898 2564 .
920 2557 926 2563 .
949 2557 956 2564 .
977 2535 1078 2564 artus
1100 2532 1293 2570 Bentleius,
1319 2541 1469 2564 auersus
1492 2532 1562 2564 iam
1586 2532 1750 2574 Scaliger,

205 2589 378 2618 aduersus
394 2610 401 2617 .
423 2610 430 2617 .
451 2609 458 2616 .
479 2594 600 2616 arcum
625 2584 716 2616 libri.
766 2584 848 2615 uide
872 2593 896 2615 V
918 2585 960 2616 38
985 2594 1061 2615 snos
1087 2584 1219 2625 puppis
1242 2583 1412 2623 consumit
1435 2583 1472 2615 in
1496 2583 1599 2623 igmes,
1629 2585 1693 2617 206
1716 2583 1754 2616 in

205 2643 319 2669 uastos
339 2640 450 2677 surae&
466 2636 656 2668 Nemeaeus=
677 2636 804 2674 hiatus,
823 2644 837 2666 1
859 2637 919 2667 341
942 2635 1111 2676 (Cycnus)
1129 2635 1288 2667 diductas
1306 2635 1428 2667 uolitat
1449 2635 1601 2667 stellatus
1621 2636 1658 2667 in
1677 2636 1754 2667 αἰως

205 2699 363 2730 quaeque
390 2688 438 2720 ibi
464 2687 645 2726 adnotani,
671 2687 772 2718 Ouid.
801 2691 883 2718 met.
913 2696 936 2717 V
963 2687 1004 2719 96
1028 2688 1191 2727 san-(suine
1215 2686 1359 2726 defectos
1384 2686 1502 2719 cecidit
1525 2687 1693 2728 collapsus
1716 2687 1753 2718 in

206 2745 312 2772 arcus.
362 2741 398 2772 in
420 2749 445 2770 v
472 2740 534 2771 140
563 2739 701 2770 Taurus
726 2738 762 2769 in
787 2748 925 2771 auersos
944 2748 1111 2779 praeceps
1142 2749 1218 2770 cum
1242 2737 1374 2770 tollitur
1398 2743 1502 2777 ortus,
1532 2738 1593 2770 ubi
1623 2739 1753 2770 iterum

206 2791 388 2823 Bentleius
414 2795 522 2829 arcus,
549 2790 699 2821 alterum
724 2789 886 2821 defendit
910 2798 955 2821 111
975 2791 1039 2821 415
1063 2789 1222 2821 tollentur
1244 2790 1293 2821 ad
1315 2794 1433 2828 ortus;
1457 2790 1522 2822 hoc
1544 2790 1619 2821 loco
1641 2800 1753 2832 neque

206 2853 347 2875 auersus
365 2867 372 2874 .
392 2867 399 2874 .
422 2867 429 2874 .
449 2842 486 2874 in
510 2846 622 2874 ortum
645 2852 757 2883 neque
785 2841 820 2873 in
851 2841 959 2873 altum
990 2841 1063 2873 ulla
1090 2851 1126 2873 re
1158 2844 1337 2882 praestare
1365 2841 1491 2873 iudico.
1540 2851 1660 2874 arcum
1683 2842 1753 2873 iam
