1931 3202
651 74 1136 118 ASTRONOMICON
1178 74 1226 116 H
1659 81 1711 118 15

340 185 456 242 quod
478 186 676 228 Fortuna
697 189 843 228 ratum
866 186 1013 235 faciat,
1034 187 1133 241 quis
1154 186 1294 227 dicere
1316 186 1477 228 falsum

218 269 280 302 135
339 260 501 303 audeat
523 264 567 302 et
588 263 739 302 tantae
761 261 972 317 suffragia
994 260 1168 302 uincere
1190 261 1351 302 sortis?

397 335 503 376 11666
519 349 599 390 ego
620 334 772 376 diuino
795 335 967 390 cupiam
989 349 1089 376 cum
1111 334 1166 375 ad
1188 334 1331 376 sidera
1352 334 1463 375 flatu

339 407 465 458 ferre,
487 423 566 450 nec
587 409 633 449 in
654 409 787 450 turba
807 423 885 450 nec
906 409 1062 450 turbae
1084 409 1279 450 carmina
1299 409 1494 458 cond-am,

338 482 415 524 secl
435 483 566 532 solus,
586 497 726 525 uacuo
747 483 887 524 ueluti
910 486 1111 524 uectatus
1134 483 1179 523 in
1201 482 1303 525 orbe

338 556 449 598 liber
470 571 599 613 agam
621 571 775 599 currus
797 572 884 599 non
906 557 1238 599 occursantibus
1260 557 1362 598 ullis

217 640 280 673 140
338 645 417 673 nec
437 646 515 687 per
534 631 621 673 iter
640 631 777 673 socios
798 645 1026 673 commune
1047 631 1303 687 regentibus
1323 634 1457 679 actus,

338 705 414 747 sed
434 705 552 747 eaelo
574 705 792 747 noscenda
814 720 980 754 canam,
1002 705 1267 747 'mirantibus
1287 706 1418 747 astris

338 782 382 821 et
402 780 623 835 gaudente
644 780 712 821 sui
734 779 899 821 mundo
919 795 997 835 per
1017 780 1211 821 carmina
1233 780 1360 828 uatis,

338 854 408 895 uel
431 853 590 909 quibus
611 854 687 895 illa
709 868 853 895 sacros
874 869 962 895 non
984 854 1182 895 inuidere
1204 857 1375 896 meatus

336 928 628 983 notitiamque
650 929 731 978 sui,
752 928 935 969 minima
956 932 1022 970 est
1045 943 1155 983 quae
1175 928 1308 970 turba
1329 943 1406 984 per
1431 928 1589 970 orbem.

161 1080 276 1122 qualis
301 1080 542 1123 praedicitur.’
588 1081 675 1113 mihi
698 1080 896 1119 uerborum,
926 1081 1028 1112 modo
1052 1092 1135 1113 sana
1156 1082 1240 1120 sint,
1267 1081 1323 1113 hic
1346 1081 1430 1113 ordo
1454 1092 1527 1113 esse
1551 1081 1705 1121 uidetur,

161 1131 224 1164 uia
260 1131 325 1164 rice
358 1143 399 1164 ac
432 1132 523 1164 ueris
559 1132 671 1164 causis
706 1132 837 1165 credita
872 1137 916 1164 est
952 1133 1132 1173 sequenda,
1168 1133 1204 1164 id
1238 1136 1292 1164 est
1326 1136 1420 1164 recte
1454 1143 1494 1164 66
1529 1143 1628 1164 ueras
1663 1133 1707 1164 ob

162 1193 284 1215 causas
318 1183 532 1215 credidimus
567 1185 662 1215 uiam
693 1195 756 1216 nos
786 1184 884 1225 sequi
919 1189 1101 1226 oportere3
1140 1195 1287 1226 quarum
1322 1195 1505 1216 causarum
1540 1185 1707 1216 continuo

161 1234 336 1267 subicitur
362 1236 561 1277 praecipua.
610 1236 672 1267 uia
694 1239 813 1267 autem
840 1235 933 1267 idem
957 1239 1011 1267 est
1034 1236 1127 1277 quod
1155 1236 1190 1267 in
1218 1246 1322 1267 uersu
1349 1236 1525 1277 superiore
1552 1237 1705 1278 positum

161 1286 275 1325 ratim
309 1297 398 1328 quae
422 1286 492 1318 cluo
519 1287 661 1318 nomina
688 1289 724 1318 et
748 1287 870 1319 Cicero
901 1287 1029 1328 passim
1061 1288 1110 1319 sic
1140 1287 1336 1327 coniunxit,
1366 1288 1465 1319 uelut
1491 1288 1593 1320 Verr.
1624 1297 1638 1319 1
1665 1288 1707 1320 49

162 1342 289 1370 certam
318 1338 414 1370 uiam
440 1343 540 1379 atque
570 1339 739 1370 rationem
769 1349 839 1379 qua
869 1349 980 1370 omnes
1011 1339 1149 1371 illoram
1176 1344 1313 1371 conatus
1340 1339 1545 1380 inuestislare
1576 1344 1605 1371 et
1632 1349 1705 1371 con-

161 1389 257 1431 sequi
277 1389 416 1430 possim,
444 1393 481 1421 et
505 1390 683 1432 Vergilius
711 1391 747 1422 111
774 1390 848 1422 1060
876 1390 1004 1422 iniuria
1031 1393 1247 1432 attemptato
1274 1401 1293 1422 a
1320 1390 1527 1430 Riblmckio,
1557 1390 1601 1422 ab
1628 1391 1706 1423 aliis

161 1452 231 1472 non
254 1441 341 1473 satis
365 1441 553 1473 efficaciter
576 1441 728 1480 defenso,
757 1442 844 1473 Aen.
870 1451 908 1473 lx
934 1443 975 1476 67
1003 1452 1052 1483 sq.
1080 1452 1158 1483 qua
1186 1447 1320 1483 temptet
1347 1443 1507 1474 racione
1533 1443 1651 1474 adicus
1677 1447 1706 1474 et

162 1502 262 1533 quae
294 1493 364 1524 uia
396 1493 527 1525 clausos
547 1493 551 1534 1
573 1493 721 1525 excutiat
757 1493 901 1525 Teucros
935 1494 1026 1525 uallo
1057 1499 1157 1535 atque
1189 1494 1339 1534 effundat
1372 1494 1408 1526 in
1438 1505 1574 1535 aequor.
1623 1505 1705 1526 36116

160 1544 345 1576 fatendum
361 1547 414 1576 est
430 1544 494 1576 1106
512 1555 617 1576 uersu
634 1548 769 1576 remoto
786 1546 918 1587 optime
937 1545 1122 1577 cohaerere
1146 1546 1204 1577 131
1224 1549 1260 1577 et
1282 1547 1364 1584 1333
1389 1546 1449 1577 sed
1469 1546 1706 1588 interpolandi

161 1605 224 1627 1166
240 1606 345 1627 661136
360 1606 423 1627 1166
439 1596 624 1627 eonsilium
641 1601 790 1638 apparet
880 1596 941 1627 134
971 1601 1090 1628 ratum
1109 1599 1220 1628 faciat
1240 1600 1300 1635 GL,
1318 1600 1429 1629 faciat
1449 1601 1569 1629 ratum
1585 1600 1619 1629 M

206 1646 266 1678 135
290 1647 457 1689 suffragyia
473 1672 480 1680 .
502 1672 509 1680 .
531 1672 538 1680 .
559 1647 680 1679 sorti-s:
708 1650 918 1690 ‘utrumque
937 1648 1082 1680 uerbum
1106 1648 1300 1680 comitiale'
1321 1649 1485 1691 Scaliger.
1534 1649 1702 1687 Fortuna,

160 1699 217 1730 cui
241 1699 342 1740 quasi
360 1699 628 1741 praerogatiuae
656 1710 729 1731 sors
749 1700 845 1739 exiit,
871 1700 984 1741 prima
1007 1700 1213 1742 suffragium
1232 1700 1330 1739 tulit,
1354 1701 1459 1742 quod,
1482 1701 1512 1732 si
1535 1701 1701 1742 sapimus,

159 1752 320 1782 nostrum
336 1750 516 1789 faciemus,
535 1757 576 1782 ut
593 1751 666 1782 fere
690 1750 826 1782 solebat
847 1751 998 1793 populus
1017 1752 1195 1783 Romanus
1215 1753 1249 1783 in
1272 1753 1424 1784 comitiis
1515 1751 1575 1784 137
1598 1755 1705 1784 turba

160 1800 375 1834 Sehraderus
402 1802 446 1834 ab
470 1802 598 1834 Iacobo
625 1813 740 1844 progr.
770 1802 897 1834 Lubec.
928 1814 983 1834 an.
1018 1804 1100 1835 1834
1127 1814 1160 1845 p.
1193 1804 1211 1838 7
1237 1807 1538 1843 commemoratus,
1560 1807 1704 1836 turbam

159 1853 253 1892 libri,
281 1858 408 1885 terram
434 1854 629 1893 Bentleius,
660 1865 739 1885 nam
765 1855 883 1886 turbae
905 1859 941 1886 et
969 1854 1005 1886 in
1027 1855 1162 1886 turbam
1187 1855 1280 1886 idem
1305 1855 1515 1897 significant.
1564 1855 1704 1887 sublato

158 1904 286 1937 mendo
316 1905 409 1937 inter
439 1916 475 1937 se
500 1905 714 1947 respondent
737 1905 774 1937 in
798 1906 898 1937 turba
925 1909 961 1938 et
988 1917 1021 1938 u.
1053 1907 1114 1938 138
1141 1907 1242 1945 solus,
1270 1907 1388 1938 turbae
1411 1911 1447 1939 et
1471 1918 1504 1939 u.
1528 1909 1586 1938 141
1613 1907 1703 1939 caelo

158 1957 326 1988 noscenda
415 1960 562 1988 condam
574 1961 610 1996 G,
627 1960 803 1996 quondam
813 1961 880 1989 ΒΜ.
923 1961 977 1989 est
990 1958 1150 1989 futurum
1161 1958 1347 1990 indicatiui
1436 1958 1581 1989 138-141
1597 1959 1703 1990 inter-

158 2008 280 2049 punxi.
325 2008 383 2040 sed
397 2009 573 2050 particula
589 2019 652 2050 per
667 2009 881 2050 anaphoram
898 2010 1051 2050 repetita
1064 2013 1128 2048 est,
1145 2012 1186 2041 ut
1203 2009 1331 2042 Catull.
1353 2011 1395 2042 64
1413 2011 1485 2048 141,
1505 2010 1632 2041 Tibull.
1654 2019 1667 2041 1
1684 2010 1703 2043 7

159 2060 256 2098 44-6,
278 2058 380 2091 Ouid.
401 2062 484 2092 met.
505 2069 518 2091 1
538 2061 603 2092 594
625 2071 691 2102 sq.‚
715 2069 740 2091 V
760 2061 799 2094 17
821 2071 887 2102 sq.,
906 2062 969 2095 507
990 2072 1039 2102 sq.
1132 2071 1199 2092 71071
1223 2061 1259 2092 in
1283 2061 1383 2093 curba
1406 2062 1524 2103 inquit
1547 2063 1704 2093 carmina

158 2111 315 2150 condam,
333 2111 392 2142 sed
412 2112 499 2143 solus
519 2122 654 2150 comam,
679 2112 785 2143 ueluti
804 2112 883 2151 (hoc
902 2116 956 2143 est
975 2112 1080 2143 ueluti
1099 2112 1138 2151 si,
1164 2115 1204 2144 ut
1227 2112 1329 2145 Ouid.
1353 2116 1434 2144 met.
1455 2122 1495 2144 Ν
1515 2114 1579 2145 595
1597 2113 1704 2144 ‘aelidi

158 2164 377 2203 coynosceret)
394 2173 514 2195 currus
530 2174 634 2204 aqam
651 2165 775 2205 (praes.
795 2163 901 2202 subi.)
918 2164 1021 2195 nullis
1036 2164 1288 2196 occursantibus
1299 2176 1314 2202 ,·
1336 2175 1403 2196 non
1421 2164 1539 2196 turbae
1559 2165 1704 2196 condam

159 2213 327 2253 carmina,
342 2214 401 2246 sed
412 2214 503 2246 caelo
515 2215 683 2247 noscenda
695 2226 828 2247 canam.
871 2216 920 2246 sic
933 2215 1072 2247 tollitur
1085 2216 1276 2247 iustissima
1288 2216 1425 2247 Bentlei
1439 2216 1475 2247 in
1491 2227 1549 2248 uu.
1562 2217 1700 2254 138-40,

158 2265 278 2307 quales
309 2265 564 2305 scribebantur,
594 2266 749 2298 offensio.
805 2267 915 2298 nihilo
946 2270 1064 2298 autem
1096 2267 1219 2298 durius
1254 2267 1360 2299 ueluti
1390 2267 1434 2299 acl
1465 2277 1568 2308 asyam
1598 2278 1703 2309 quam

157 2327 263 2348 uersu
286 2317 329 2349 84
352 2327 564 2358 quamquam
586 2318 631 2349 ad
655 2323 823 2350 summota
846 2318 1012 2357 refertur,
1031 2319 1240 2360 interposito
1264 2319 1320 2350 hic
1344 2324 1504 2357 uectatus,
1524 2319 1596 2350 illic
1618 2319 1703 2359 00qu

245 2368 321 2400 orbe
331 2379 400 2400 non
413 2369 548 2400 caelum
564 2369 740 2410 signifieat
755 2369 816 2401 sed
830 2370 972 2408 circum,
987 2380 1113 2411 gyrum
1123 2374 1321 2411 equestrem
1411 2370 1472 2401 139
1492 2373 1582 2402 liber
1597 2379 1702 2408 agam

158 2418 352 2459 Bentleius,
370 2423 517 2452 uerbere
536 2429 642 2459 agam
664 2421 734 2452 iam
756 2420 920 2462 Scaliger,
937 2425 1047 2453 ubera
1067 2425 1143 2453 tam
1163 2425 1231 2460 Lm,
1253 2425 1419 2454 umbrato
1438 2424 1474 2453 et
1497 2431 1603 2453 curru
1625 2422 1699 2461 GL2‚

158 2481 227 2512 qua
248 2471 370 2513 inepta
389 2472 664 2514 interpolatione
686 2472 902 2504 Gronouium
925 2473 1112 2514 deceptum
1133 2484 1206 2505 esse
1229 2484 1305 2505 cum
1326 2473 1487 2505 Bentleio
1509 2474 1615 2505 miror

202 2521 265 2552 140
288 2532 352 2560 per
373 2525 444 2555 iter
463 2526 522 2562 GL,
544 2526 677 2562 partim
697 2527 732 2555 M
821 2527 1026 2562 regentibus
1048 2524 1085 2556 F.
1110 2524 1244 2563 Iunius²
1270 2528 1476 2562 gerentibus
1497 2524 1590 2564 libri,
1611 2535 1701 2567 quae

158 2572 228 2605 duo
252 2573 360 2605 uerba
384 2577 421 2606 et
445 2584 490 2606 111
517 2576 578 2607 119
601 2577 638 2607 et
661 2575 756 2616 apud
776 2575 861 2607 alios
885 2575 1073 2618 scriptores
1092 2576 1222 2618 passim
1244 2580 1446 2618 permutata
1465 2580 1558 2608 suut.
1607 2581 1701 2608 actus

158 2627 242 2656 sunt
264 2626 408 2664 ἐλάσεισ,
427 2628 468 2657 ut
489 2635 503 2657 1
522 2627 598 2665 573,
621 2636 666 2658 111
685 2627 772 2665 595;
797 2627 862 2659 1166
881 2630 999 2659 autem
1018 2632 1200 2669 reguntur,
1222 2639 1292 2659 non
1313 2631 1494 2670 geruntur.
1543 2627 1628 2660 ordo
1647 2631 1701 2660 est

157 2686 216 2708 nec
245 2676 324 2708 ullis
351 2687 416 2717 per
446 2687 617 2710 commune
648 2678 712 2709 iter
742 2679 846 2710 socios
875 2684 971 2710 actus
1000 2678 1189 2719 reqentibus
1289 2679 1349 2710 141
1380 2682 1593 2711 mirantibus
1624 2680 1696 2718 GL2‚

157 2730 363 2767 tyrantibus
379 2739 465 2761 corr.
486 2729 522 2760 in
538 2732 751 2768 gyrantibus
767 2733 800 2768 L,
820 2733 1025 2762 rexantibus
1042 2733 1085 2767 M,
1103 2741 1251 2772 quorum
1271 2741 1426 2762 errorum
1446 2731 1587 2762 initium
1606 2731 1650 2762 ab
1666 2742 1700 2763 m

157 2778 264 2810 semel
280 2779 411 2821 scripta
430 2780 660 2822 repetendum
681 2781 825 2813 uidetur
914 2781 975 2812 143
1006 2782 1059 2813 fuel
1080 2782 1210 2823 quibu-9,
1234 2782 1291 2814 uel
1311 2783 1360 2814 eis
1381 2782 1554 2814 noscenda
1573 2782 1700 2824 quibus

244 2829 318 2869 illa,
336 2835 432 2863 astra
519 2842 633 2865 sacros
648 2837 779 2865 meatus
798 2833 952 2875 Scaliger
974 2833 1230 2875 interpretatur
1246 2844 1422 2866 accessum
1441 2834 1486 2865 ad
1506 2834 1638 2873 diuina,
1658 2837 1700 2866 ut
