1931 3202
663 129 1148 173 ASTRONOMICON
1188 128 1238 170 Π
1667 132 1717 169 61

354 243 548 284 maxima
568 241 700 283 turba
720 242 834 297 petit
855 241 1043 290 Libram,
1067 240 1357 296 Capricornus
1379 241 1422 280 et
1443 238 1507 278 illi

229 327 294 358 555
353 317 565 358 aduersus
587 315 765 364 Cancer,
786 315 966 356 quenis
988 314 1104 370 quod
1124 314 1347 368 utrimque
1369 312 1634 367 quadratum
1657 313 1723 352 est

355 405 553 446 quaeque
575 390 620 431 in
642 389 850 445 Lanigeri
872 393 1163 430 numerantur
1184 388 1310 443 signa
1330 386 1566 442 trigonum.

179 573 276 606 sidus
303 574 470 606 contrarii
500 574 632 614 trigoni
662 573 761 614 signa
787 572 904 604 Pisces
931 571 1065 605 Cancer
1095 570 1272 613 Scorpius,
1300 569 1427 611 quibus
1457 566 1616 600 omnibus
1648 567 1724 607 ipsa

181 636 301 657 rursus
327 624 459 657 bellum
485 624 595 657 infert
682 623 831 655 554-562
855 624 904 655 sic
931 623 1003 655 fere
1030 623 1065 655 in
1090 622 1268 654 codicibus
1293 624 1329 653 et
1356 619 1572 653 editionibus
1595 617 1722 649 haben-

181 680 262 709 tur:
303 676 459 708 maxima
492 676 593 708 turba
622 675 708 717 petit
745 675 900 714 Libram,
942 674 1173 715 Capricornus
1207 678 1237 705 et
1271 673 1323 704 illi
1347 672 1351 714 1
1377 672 1543 703 aduersus
1578 669 1718 706 Cancer,

182 727 294 761 Chelis
314 728 405 769 quod
425 733 605 768 utrumque
626 728 838 768 quadratum
859 731 916 764 est,
941 726 946 767 Ι
965 736 1116 771 quaeque
1136 725 1173 757 in
1192 724 1359 765 Laniqeri
1379 726 1605 755 numeramur
1625 720 1723 761 siqua

180 779 360 819 triqonum.
387 785 391 820 Ι
411 779 569 820 Scorpios
589 779 625 811 in
648 778 785 811 totidem
797 778 970 819 secundus
991 777 1143 810 creditur
1162 776 1265 808 hostis
1279 789 1289 808 .·
1308 776 1313 817 l
1334 784 1539 816 aequoreum
1555 773 1721 810 imcenem,

181 831 349 870 Geminos,
384 831 539 862 Taurum
569 835 669 871 atque
700 830 858 870 Leonem,
883 829 1079 872 {Eriqonen
1110 828 1319 868 Libramque
1341 826 1439 867 sugit
1468 824 1664 857 metuendus
1695 828 1724 855 et

179 882 259 923 ipse.
284 882 288 924 Ι
311 883 434 924 quique
455 882 626 923 Sayittari
640 881 780 914 ueniant
800 882 840 913 de
861 881 971 913 sidere
982 885 1120 921 partus,
1145 879 1149 922 Ι
1169 880 1227 911 bos
1246 878 1396 911 Gemini}
1412 877 1487 909 nati
1503 902 1509 908 .
1532 901 1539 909 .
1562 901 1569 909 .
1588 876 1722 916 depres-

179 933 260 966 sisse
280 935 408 966 uobzmc.
457 933 621 975 Scorpius
646 933 797 965 totidem
818 933 937 965 hostes
964 932 1092 964 habere
1117 932 1261 970 dicitur,
1283 934 1369 972 quot
1395 929 1501 961 habet
1522 927 1638 959 Libra.
1687 928 1725 957 at

180 985 261 1017 huic
276 994 302 1017 V
317 985 534 1024 tribuuntur,
554 984 788 1027 Capricornus
805 984 937 1017 Cancer
953 984 1055 1015 Aries
1072 983 1141 1015 Leo
1163 982 1387 1024 Sagittarius,
1408 981 1460 1012 illi
1476 989 1528 1018 VI,
1547 977 1724 1020 Aquarius

181 1036 321 1069 Gemini
342 1037 478 1069 Taurus
499 1037 569 1068 Leo
585 1036 697 1078 Virgo
716 1036 844 1074 Libra3
868 1045 908 1067 Vi
924 1038 1043 1067 autem
1067 1046 1137 1066 non
1160 1037 1243 1066 sunt
1266 1033 1415 1065 totidem
1440 1034 1526 1073 quot
1541 1039 1575 1062 V.
1616 1039 1724 1071 quare

180 1088 379 1120 Gronouius
403 1089 476 1120 obs.
496 1097 525 1120 11
545 1099 574 1120 c.
593 1090 613 1120 5
635 1089 699 1120 hoc
722 1088 939 1129 excogitauit
962 1086 1162 1125 artificium,
1188 1090 1229 1117 ut
1252 1096 1295 1117 ex
1318 1085 1381 1117 559
1407 1083 1613 1123 Libramque
1627 1080 1725 1122 fagit

181 1141 377 1172 metuendus
398 1145 427 1172 ει
449 1140 520 1181 ipse
542 1139 615 1179 (ubi
633 1139 702 1180 ipsi
724 1139 878 1180 scripsit)
903 1142 1042 1170 sextum
1067 1138 1192 1170 Librae
1215 1137 1352 1168 hostem
1376 1135 1559 1176 Scorpium
1582 1133 1726 1165 eliceret:

181 1192 232 1231 (in
251 1203 319 1233 quo
340 1203 420 1223 eum
441 1202 510 1223 non
530 1191 635 1233 plane
655 1191 783 1223 falsum
804 1191 912 1222 fuisse
928 1192 1050 1232 postea
1065 1189 1276 1228 uidebimus)
1292 1192 1501 1230 poetamque
1522 1185 1656 1217 faceret
1676 1183 1725 1215 sic

181 1244 367 1283 dicentem,
397 1245 441 1275 ‘V
463 1247 548 1275 sunt
570 1242 697 1274 Librae
721 1243 851 1280 hostes,
877 1242 1027 1274 totidem
1056 1241 1202 1282 Scorpii,
1228 1240 1363 1272 scilicet
1385 1237 1563 1280 Aquarius
1586 1235 1726 1268 Gemini

181 1295 318 1327 Taurus
340 1295 410 1327 Leo
430 1295 542 1337 Virgo
564 1294 680 1331 Libra,
698 1295 797 1326 cuius
819 1303 842 1325 V
864 1293 1036 1332 hostibus,
1056 1292 1149 1334 quod
1170 1302 1232 1323 suo
1249 1291 1324 1323 loco
1345 1290 1461 1322 dicere
1482 1288 1613 1320 oblitus
1634 1298 1723 1325 sum,

181 1347 255 1388 ipse
280 1346 463 1378 addendus
487 1350 542 1378 est
567 1346 742 1387 Scorpius,
765 1350 805 1377 ut
831 1345 919 1377 fiant
943 1345 1008 1376 vx.²
1053 1344 1107 1375 his
1132 1344 1234 1385 nugis
1257 1343 1393 1374 omissis
1416 1339 1597 1372 Bentleius
1620 1339 1725 1370 aliam

181 1399 318 1430 numeri
341 1397 515 1440 aequandi
533 1398 706 1429 rationem
725 1397 806 1428 iniit
831 1397 987 1428 Taurum
1006 1400 1106 1436 atque
1130 1406 1162 1427 u.
1183 1395 1246 1426 558
1270 1395 1306 1426 in
1327 1393 1552 1433 rabidamque
1573 1394 1722 1422 mutato.

181 1450 241 1481 sed
258 1460 377 1481 omnes
391 1449 588 1491 praeteriit,
607 1448 701 1490 quod
717 1451 772 1480 est
788 1452 906 1480 tamen
922 1448 1160 1485 manifestum,
1179 1457 1249 1478 non
1264 1449 1345 1487 post
1362 1444 1468 1476 uerba
1484 1442 1681 1475 metuendus
1697 1446 1726 1473 ec

181 1501 252 1541 ipse
268 1501 458 1533 subsistere
475 1501 669 1532 orationem
686 1510 809 1532 uerum
830 1510 939 1541 usque
955 1498 1000 1530 ad
1016 1498 1121 1530 finem
1140 1497 1356 1539 insequentis
1376 1505 1498 1527 uersus
1514 1493 1724 1531 continuari,

182 1552 305 1594 quique
322 1577 329 1585 .
352 1577 359 1586 .
379 1577 386 1585 .
407 1552 547 1584 ueniunt
573 1562 607 1584 u.
627 1552 692 1584 560
718 1551 767 1583 sic
792 1562 870 1583 cum
895 1550 1132 1592 superioribus
1157 1549 1341 1580 cohaerere
1365 1551 1406 1579 ut
1429 1547 1493 1578 549
1517 1545 1640 1586 quique
1656 1569 1663 1576 .
1686 1569 1692 1576 .
1715 1569 1721 1575 .

181 1609 418 1643 numerantur,
444 1605 508 1636 556
532 1613 683 1644 quaeque
700 1627 708 1635 .
728 1627 736 1635 .
758 1627 765 1635 .
786 1608 1024 1641 numerantur,
1049 1602 1113 1633 569
1137 1600 1260 1642 quique
1277 1625 1284 1632 .
1306 1624 1313 1631 .
1335 1623 1342 1631 .
1363 1598 1587 1635 descendum&
1614 1606 1727 1637 neque

180 1656 273 1687 enim
289 1655 396 1688 ullius
412 1655 503 1697 signi
518 1655 637 1687 hostes
653 1655 799 1686 alterius
815 1654 976 1686 hostibus
991 1664 1053 1695 per
1074 1663 1136 1694 que
1160 1651 1371 1694 particulam
1394 1650 1646 1690 adiunguntur,
1666 1647 1728 1678 sed

181 1718 273 1738 nouo
301 1708 485 1739 enuntiato
513 1709 574 1738 aut
601 1711 637 1738 at
663 1706 862 1738 coniunctio
889 1705 1119 1747 praeponitur
1144 1705 1232 1743 (545,
1254 1704 1331 1742 564)
1356 1708 1417 1733 aut
1441 1701 1548 1732 nulla.
1606 1700 1727 1740 itaque

182 1758 373 1801 Sagittario
398 1759 536 1790 adiecto
557 1767 613 1789 VII
638 1757 729 1789 fiunt
755 1757 889 1799 Scorpii
914 1757 1044 1793 hostes,
1067 1760 1107 1788 ut
1132 1756 1215 1787 noui
1239 1754 1366 1786 Librae
1386 1753 1504 1784 hostes
1525 1750 1728 1783 inueniendi

182 1811 254 1842 sint
277 1810 358 1849 duo,
384 1820 532 1851 quorum
556 1809 707 1841 alterum
731 1808 914 1850 Scorpium
937 1808 1097 1840 futurum
1119 1818 1161 1838 ex
1181 1818 1214 1838 n.
1231 1807 1294 1838 559
1315 1805 1503 1846 colligitur.
1553 1803 1589 1834 hi
1612 1802 1728 1833 latent

182 1862 247 1894 sub
264 1861 381 1893 uerbis
396 1861 442 1893 ad
458 1861 671 1892 sententiam
693 1861 779 1892 mire
800 1859 1064 1891 abundantibus
1082 1858 1193 1891 Chelis
1209 1857 1299 1899 quod
1315 1861 1495 1897 utrumque
1516 1855 1727 1895 quadratum

182 1918 241 1952 est,
259 1923 348 1955 quae
371 1923 450 1944 cum
474 1912 518 1944 ad
541 1912 788 1954 praecedentia
812 1911 1016 1953 Capricorni
1035 1910 1229 1951 Cancrique
1250 1909 1391 1940 nomina
1412 1907 1610 1938 referantur
1626 1904 1727 1936 debe-

183 1965 270 1996 bant
290 1975 364 1996 esse
385 1974 527 2005 quorum
549 1968 688 2004 uterque
711 1962 822 1996 Chelis
843 1963 1036 2004 quadratas
1057 1967 1103 1994 esc
1191 1961 1253 1991 555
1276 1962 1415 1991 iuuenis
1433 1961 1494 1998 (κ
1509 1960 1554 1997 is)
1567 1958 1600 1996 ἥ,
1620 1958 1729 1988 chelis

184 2018 298 2055 (ΔῙΒ)
318 2016 401 2047 libri
489 2017 668 2053 utrimque
679 2016 713 2054 ᾗ,
731 2018 922 2052 utrumque
943 2014 1047 2046 libri:
1072 2012 1161 2044 illud
1182 2022 1353 2053 nusquam
1369 2021 1390 2042 a
1406 2009 1553 2041 Manilio
1574 2008 1728 2050 positum

184 2072 237 2099 est
267 2067 352 2109 quin
382 2066 518 2099 librarii
548 2066 699 2098 alterum
730 2065 983 2098 substituerint
1086 2063 1254 2096 credibile
1286 2066 1340 2094 est
1372 2063 1408 2093 in
1439 2072 1543 2093 uersu
1573 2059 1728 2101 longiore

183 2124 303 2151 notam
335 2118 484 2160 Aquarii
513 2129 578 2160 pro
608 2118 747 2149 nomine
777 2120 956 2149 exaratam
987 2119 1179 2158 posteaque
1208 2125 1272 2156 pro
1303 2113 1429 2145 Librae
1459 2115 1544 2143 nota
1570 2110 1727 2142 habitam

184 2181 267 2209 esse,
295 2169 589 2212 quemadmodum
613 2168 791 2202 C.C.A.G.
812 2178 852 2200 VI
877 2179 910 2210 p.
930 2169 992 2200 100
1018 2168 1056 2199 13
1082 2167 1210 2209 (Heph.
1231 2165 1338 2197 Theb.
1359 2174 1388 2196 11
1411 2165 1467 2203 22)
1487 2169 1533 2198 ,πε
1557 2162 1728 2203 scriptum

182 2230 236 2254 est
252 2221 313 2253 ubi
329 2221 522 2263 requiritur
538 2227 582 2253 Δ
596 2233 603 2253 :
628 2220 776 2252 similem
794 2220 837 2251 ob
854 2230 993 2252 causam
1012 2218 1146 2251 Gemini
1162 2229 1203 2249 ex
1220 2227 1249 2249 11
1266 2218 1341 2255 629,
1361 2218 1516 2256 Capram
1538 2225 1581 2245 ex
1602 2223 1642 2245 IV
1665 2214 1729 2247 745

184 2273 356 2305 excidisse
393 2272 552 2314 putanda
590 2275 695 2310 sunt;
735 2272 911 2312 quadrata
946 2270 1151 2312 compendio
1189 2273 1351 2300 notatum
1389 2266 1474 2309 quid
1508 2276 1649 2308 passum
1682 2264 1729 2296 sit

184 2325 338 2356 uidimus
354 2324 399 2356 ad
415 2335 448 2356 u.
469 2325 543 2356 290.
595 2323 737 2355 quenis
752 2323 894 2364 proprie
910 2333 972 2364 pro
989 2322 1146 2363 Aquario
1162 2321 1317 2362 positum
1334 2322 1388 2350 est
1407 2327 1446 2350 IV
1463 2319 1538 2356 385,
1557 2317 1632 2355 709,
1651 2316 1726 2354 797,

183 2377 288 2409 aliter
314 2385 345 2407 11
369 2377 444 2414 406,
471 2376 546 2414 492,
572 2377 646 2413 558,
674 2376 748 2414 566,
776 2384 799 2405 V
823 2375 897 2413 487,
924 2375 998 2406 505.
1048 2373 1091 2404 de
1115 2372 1281 2414 genetiuo
1306 2370 1387 2402 uide
1414 2379 1443 2401 11
1467 2369 1531 2403 576
1554 2368 1729 2408 utrimque

183 2428 331 2469 triqona,
352 2427 460 2459 Fir-m.
478 2436 507 2458 11
523 2428 566 2458 ⁴22
582 2429 602 2459 5
618 2426 751 2458 Arietis
767 2426 978 2467 quadratum
995 2430 1039 2456 esc
1055 2424 1190 2465 siquam
1208 2423 1347 2456 Cancer.
1391 2421 1539 2463 Aquarii
1551 2420 1730 2460 utrimque

184 2479 360 2521 quadrata
382 2480 482 2520 signa
505 2481 590 2510 sunt
613 2478 749 2510 Taurus
773 2480 808 2509 et
833 2477 1007 2518 Scorpius,
1026 2486 1113 2518 quos
1129 2486 1149 2506 a
1166 2474 1272 2507 Libra
1291 2473 1446 2505 uicissim
1466 2471 1665 2513 impugnari
1687 2481 1729 2501 ex

185 2541 242 2562 uu.
270 2531 335 2562 544
357 2533 393 2562 et
417 2530 480 2562 559
504 2532 644 2561 constat
733 2528 795 2559 556
819 2537 979 2566 quaeque
1004 2527 1315 2568 Regiomontanus,
1341 2527 1471 2561 quique
1494 2523 1576 2554 libri
1601 2533 1642 2553 ex
1666 2522 1730 2553 549

186 2582 241 2613 uel
258 2582 331 2620 560,
349 2581 442 2623 quod
459 2581 544 2623 quid
560 2580 690 2612 habeat
706 2580 832 2612 soloeei
849 2579 1043 2611 Becher-tus
1059 2578 1145 2609 adeo
1161 2588 1229 2609 non
1247 2576 1423 2617 intellegit
1436 2578 1476 2607 ut
1493 2574 1729 2606 defensionem

185 2644 221 2665 se
237 2632 389 2664 scribere
405 2633 570 2674 opinetur
586 2643 664 2664 cum
681 2631 766 2663 haec
783 2631 944 2669 adnotat,
973 2633 980 2647 ‘
994 2630 1066 2662 scil.
1087 2630 1158 2661 Leo
1179 2632 1215 2660 et
1237 2626 1474 2670 Sagittarius.'
1520 2628 1625 2667 putat
1648 2635 1730 2666 ergo

184 2687 306 2726 poetas
337 2684 483 2716 Latinos
514 2684 563 2715 sic
593 2684 740 2721 locutos,
779 2683 869 2714 ‘Leo
900 2686 936 2713 et
967 2681 1181 2723 Sagittarius
1209 2680 1308 2722 signa
1332 2680 1367 2711 in
1395 2678 1530 2709 Arietis
1555 2677 1729 2718 trigonum

184 2735 440 2774 numerantur,‘
450 2735 599 2766 fortasse
610 2735 717 2766 etiam
733 2736 740 2750 ‘
749 2734 798 2765 sic
808 2734 936 2765 fratres
947 2733 1105 2765 Helenae
1115 2732 1230 2764 sidera
1242 2737 1277 2763 te
1287 2730 1424 2772 regant’
1500 2729 1535 2760 in
1546 2728 1728 2767 triqomcm,

185 2787 230 2818 ad
246 2787 423 2829 trigonum
436 2786 675 2818 efficiendum:
701 2785 833 2826 trigono
850 2785 1016 2827 Scaliger,
1031 2784 1145 2816 inuito
1158 2787 1199 2815 ut
1215 2783 1338 2824 opinor
1352 2781 1500 2813 Manilio
1588 2779 1731 2811 Libram

185 2838 396 2880 impugnant
411 2838 578 2869 contrarii
595 2837 726 2878 trigoni
743 2838 842 2878 signa
858 2837 961 2868 Aries
978 2836 1048 2868 Leo
1066 2835 1279 2877 Sagittarius
1295 2837 1332 2865 et
1352 2844 1395 2864 ex
1411 2833 1566 2874 quinque
1588 2831 1731 2872 reliquis

185 2890 269 2922 feris
285 2892 465 2931 quattuor,
485 2889 621 2921 Taurus
645 2888 777 2921 Cancer
802 2888 965 2930 Scorpius
984 2887 1239 2930 Capricornus3
1263 2885 1390 2927 quibus
1414 2888 1548 2926 septem
1571 2882 1731 2914 hostibus
