1931 3202
216 107 271 147 30
811 104 872 146 M.
906 103 1156 146 MANILII

389 217 557 260 Cancer
576 221 620 259 et
642 218 757 259 hunc
778 217 905 259 laeua
926 216 1156 258 subeuntis
1177 216 1321 258 sidera
1343 216 1512 258 Librae.

387 306 558 347 semper
578 292 694 333 enim
717 291 772 332 in
794 291 962 332 dextris
984 295 1218 333 censentur
1239 291 1365 347 signa
1388 291 1544 346 priora.

388 366 450 408 sic
472 366 574 407 licet
594 366 640 406 in
661 365 846 407 totidem
867 365 1007 420 partis
1028 365 1232 406 diducere
1253 367 1412 406 cuncta

265 449 330 482 295
390 443 602 495 ternaque
625 439 692 481 bis
713 439 829 480 senis
851 438 1068 494 quadrata
1090 438 1295 494 effingere
1317 439 1465 494 signis,

391 528 576 569 quorum
598 513 823 569 proposito
844 511 1086 554 reddentur
1107 512 1153 553 in
1174 512 1326 554 ordine
1349 513 1476 554 uires.

449 587 523 628 sed
545 587 580 628 si
604 587 701 642 quis
722 590 954 629 contentus
976 586 1060 628 erit
1082 601 1332 628 numerasse
1356 586 1583 642 quadrata,

215 803 261 832 αΐι
283 805 430 843 propter
453 801 522 833 ari·
548 801 778 834 intercidisse.
829 801 931 833 Aries
955 800 1208 843 Capricornum
1230 801 1402 842 conspicit
1426 804 1507 833 ante
1531 811 1567 833 se
1591 801 1756 843 positum,

216 857 454 894 προηγούμενον
483 854 557 886 siue
585 853 762 891 dextrum,
795 853 868 895 ipse
895 853 1016 885 laeuus
1048 857 1156 895 atque
1191 854 1372 891 ἑπόμενοσε
1412 853 1528 895 Priap.
1557 853 1661 896 Verg.
1692 854 1713 885 2
1740 855 1759 886 3

215 905 399 945 aqellulwn
423 929 430 938 .
452 930 459 937 .
481 930 487 936 .
516 910 593 937 ante
620 915 718 946 quem
745 905 853 943 uides,
876 905 971 936 Man.
996 914 1025 936 11
1053 905 1117 937 502
1141 903 1251 936 Libra
1275 929 1282 936 .
1304 929 1312 936 .
1334 929 1341 936 .
1369 904 1484 936 animo
1512 905 1688 946 complexa
1712 910 1759 937 esc

214 956 380 997 Scorpion
395 956 504 998 ivffra,
521 956 557 988 id
573 960 628 988 est
644 956 789 988 inferius
805 956 1025 988 collocatum.
1075 955 1277 988 huiusmodi
1297 959 1417 988 autem
1433 955 1567 998 aliquid
1584 957 1761 988 sententia

215 1007 366 1050 flagitat,
389 1019 502 1050 neque
524 1008 617 1039 enim
638 1007 751 1040 solum
771 1008 1023 1050 Capricornum
1043 1008 1146 1039 Aries
1165 1007 1227 1039 sed
1248 1007 1423 1039 Cancrum
1441 1018 1580 1050 quoque
1595 1007 1761 1050 quadrati

214 1060 347 1091 ratione
357 1060 540 1101 conspicit,
554 1060 646 1091 sicut
659 1059 789 1101 trigoni
800 1059 936 1091 ratione
950 1059 1100 1090 Leonem
1111 1059 1243 1101 pariter
1256 1063 1292 1090 et
1303 1058 1535 1100 Sagittarium
1546 1070 1604 1090 uu.
1617 1060 1682 1094 <279
1692 1070 1756 1101 sq.,

215 1111 350 1142 diuerso
369 1119 410 1143 ut
429 1112 480 1143 ait
501 1117 588 1143 orcu.
638 1111 758 1153 itaque
777 1114 813 1143 et
832 1110 877 1142 ad
897 1110 1044 1142 Libram
1065 1114 1101 1142 et
1117 1109 1162 1142 ad
1180 1110 1292 1151 ipsum
1311 1110 1456 1142 auditur
1471 1115 1572 1149 a⁷zte3
1596 1115 1759 1153 quartum

216 1161 409 1194 membrum
432 1162 600 1194 aduerbio
619 1173 688 1194 non
707 1162 856 1204 indiget,
878 1163 914 1194 in
933 1172 1004 1204 quo
1023 1165 1076 1193 est
1099 1162 1201 1193 laena
1222 1161 1393 1193 subeuntis
1480 1161 1544 1193 293
1566 1165 1605 1194 in
1626 1162 1757 1194 addidi.

214 1213 345 1246 dextris
371 1219 546 1246 censentur
576 1214 645 1245 iarn
675 1213 852 1255 Scaligero
885 1214 1034 1245 ‘mirum
1061 1224 1170 1255 genus
1197 1213 1385 1255 loquendi’
1412 1214 1528 1245 uisum
1555 1217 1620 1252 est,
1651 1225 1762 1256 neque

216 1265 355 1303 iniuria,
383 1276 512 1298 censere
541 1266 633 1297 enim
658 1276 737 1297 cum
762 1266 886 1297 datiuo
913 1265 1139 1297 coniunctum
1162 1264 1346 1297 attribuere
1369 1265 1544 1307 significat
1568 1267 1622 1304 (ut
1646 1274 1675 1297 11
1699 1266 1762 1298 653

215 1320 251 1348 et
267 1316 418 1349 Senecae
434 1317 508 1349 loco
525 1317 575 1349 ibi
590 1317 807 1356 adferendo),
826 1328 905 1349 cum
921 1316 1080 1349 ablatiuo
1095 1317 1276 1348 aestimare
1290 1328 1298 1354 3
1323 1316 1447 1348 horum
1463 1322 1583 1348 autem
1598 1320 1764 1349 neutrum

217 1368 296 1400 uult
311 1371 427 1410 poeta,
446 1369 507 1400 sed
523 1370 640 1411 priora
656 1369 756 1411 signa
773 1369 867 1400 inter
888 1368 1014 1400 dextra
1031 1368 1165 1406 referri,
1185 1368 1280 1410 quod
1299 1368 1427 1410 quibus
1447 1379 1512 1400 usu
1530 1369 1641 1408 uenit,
1665 1379 1705 1400 ea
1727 1368 1763 1400 in

216 1420 347 1452 dextris
373 1420 499 1452 censeri
520 1420 646 1452 Latine
670 1421 741 1452 dici
765 1424 923 1462 possunt,
947 1420 1047 1451 uelut
1069 1419 1146 1451 Liu.
1167 1429 1222 1451 v»⁷11
1247 1420 1285 1451 18
1307 1422 1328 1452 5
1348 1420 1461 1461 plebes
1482 1425 1601 1452 contra
1615 1420 1738 1460 fremit
1753 1432 1764 1451 .·

216 1472 300 1512 qaid
330 1482 362 1503 se
393 1471 521 1511 uiuere,
552 1472 637 1513 quid
668 1472 705 1503 in
730 1477 830 1512 parce
857 1471 985 1503 ciuium
1012 1471 1165 1503 censeri?
1253 1476 1411 1503 ceterum
1438 1471 1560 1512 priora
1595 1471 1763 1504 Manilius

216 1523 304 1554 dicit
327 1534 416 1565 quae
438 1524 536 1565 prius
563 1524 737 1562 oriuntur,
765 1523 850 1555 haec
876 1529 995 1555 autem
1023 1523 1149 1554 dextra
1176 1533 1249 1554 esse
1276 1523 1502 1554 consentiunt
1529 1523 1636 1555 schol.
1661 1523 1759 1555 Paul.

217 1574 317 1606 Alex.
354 1575 382 1606 E
413 1577 434 1606 4
462 1577 547 1614 δεξιὰ
578 1577 709 1615 λέγεται
739 1574 842 1617 <τὰ>
873 1578 905 1606 ἐν
943 1577 1015 1606 τοΐῡ·
1053 1576 1257 1614 ἡγουμένοισ,
1298 1576 1448 1615 ἀριστερὰ
1481 1576 1515 1606 δὲ
1551 1576 1591 1606 τὰ
1623 1574 1657 1606 ἐν
1693 1576 1764 1606 τοῖσ

218 1627 388 1664 ἑπομένοισ
409 1630 446 1658 et
468 1626 645 1659 C.C.A.G.
664 1636 677 1658 1
695 1637 727 1668 p.
747 1628 808 1658 155
824 1626 865 1660 27
888 1636 978 1668 sqq„
997 1636 1109 1668 neque
1131 1637 1168 1657 re
1190 1626 1368 1664 dissentit,
1387 1626 1455 1658 etsi
1476 1626 1594 1658 uerbis
1615 1626 1764 1658 forsitan

217 1677 416 1719 discrepare
433 1678 608 1717 uideatur,
630 1678 802 1710 Firmicus
819 1687 848 1709 11
864 1678 907 1709 22
923 1679 943 1709 4
960 1678 1120 1709 dextrum
1137 1677 1309 1718 trz'gJonum
1325 1682 1380 1716 est,
1398 1678 1489 1719 qnod
1505 1677 1547 1709 ab
1564 1688 1600 1709 eo
1615 1678 1722 1718 sigyno,
1742 1689 1763 1709 a

218 1739 283 1769 quo
300 1729 492 1770 incipimus,
511 1735 620 1761 retro
636 1734 692 1768 est,
712 1730 888 1761 sinistram
907 1740 998 1768 uero,
1014 1729 1105 1770 qaod
1121 1729 1291 1767 aba7zte‚·
1313 1733 1349 1761 ul
1361 1734 1451 1769 puta
1463 1729 1595 1761 Arietis
1606 1730 1765 1761 dextrum

218 1781 392 1820 trinovium
418 1786 464 1813 est
489 1781 709 1820 Sassittariu&
737 1781 915 1813 sinis-tram
938 1791 1019 1813 uero
1044 1781 1124 1819 Leo,
1150 1781 1170 1813 6
1197 1781 1409 1821 quadratum
1431 1780 1563 1813 Arietis
1588 1781 1766 1813 sinistrum

220 1831 363 1872 Cancer,
393 1833 553 1864 dextrum
581 1833 826 1874 Capy-immas,
856 1832 940 1864 sicut
967 1833 1001 1863 ἰη
1025 1832 1141 1864 celeris
1164 1832 1317 1864 omnibns
1341 1833 1534 1873 quadratis,
1561 1833 1652 1873 quod
1676 1837 1764 1865 retro

209 1883 335 1924 fuerit,
361 1885 522 1916 dextrum
544 1889 600 1923 esc,
629 1885 718 1925 quod
742 1884 863 1916 abanec
882 1884 1007 1924 faerit,
1034 1883 1232 1921 sini-strum;
1257 1884 1285 1915 is
1309 1884 1402 1915 enim
1426 1894 1495 1915 non
1519 1889 1653 1916 motum
1678 1884 1765 1916 caeli

218 1939 254 1967 et
276 1940 375 1968 ortus
397 1937 576 1978 signorum
598 1937 743 1978 respicit
770 1936 832 1967 sed
860 1937 1032 1967 usitatum
1054 1935 1262 1967 numerandi
1286 1935 1456 1974 ordinem,
1483 1946 1552 1977 quo
1575 1935 1619 1967 ab
1642 1936 1766 1968 Ariete

216 1987 369 2028 profecti
396 1986 649 2029 Capricornum
675 1988 976 2029 Sagittariumque
1001 1991 1082 2029 post
1105 1997 1167 2018 nos
1191 1986 1432 2028 relinquimus,
1458 1987 1502 2018 ad
1528 1986 1703 2019 Cancrum
1730 1992 1766 2019 et

218 2037 369 2070 Leonem
382 2049 503 2071 uersus
519 2039 762 2081 progredimur
849 2038 914 2069 294
935 2041 984 2070 sic
999 2041 1084 2070 licet
1101 2038 1266 2080 Scaliger,
1282 2040 1418 2070 scilicet
1434 2038 1515 2070 libri
1603 2041 1766 2070 diducere

219 2089 374 2132 Scaliger
390 2091 444 2122 ed.
470 2092 482 2122 1
506 2091 542 2122 in
561 2091 803 2129 adnotatione,
823 2093 993 2122 deducere
1012 2089 1102 2121 libri.
1153 2090 1189 2121 in
1205 2090 1343 2121 totidem
1360 2094 1478 2131 partes
1494 2090 1654 2122 diducere
1671 2090 1763 2122 idem

219 2145 274 2173 est
300 2142 395 2184 quod
423 2153 480 2175 uu.
515 2143 580 2177 287
607 2153 658 2184 sq.
693 2142 849 2174 diuidere
880 2141 1057 2182 quaternis
1086 2141 1243 2182 partibus
1331 2141 1394 2172 295
1417 2145 1521 2173 terna
1551 2141 1652 2173 Voss.
1687 2142 1762 2179 390,

216 2196 316 2225 terra
353 2197 438 2225 GLM
526 2197 704 2232 quadrata
739 2194 840 2225 Voss.
877 2194 953 2231 390,
995 2196 1168 2231 quadrate
1206 2196 1290 2224 GLM
1379 2195 1541 2231 effingere
1576 2193 1762 2231 Lannoius,

218 2247 374 2281 fringere
404 2248 500 2284 GLM,
535 2249 667 2284 fingere
697 2244 742 2278 L2.
808 2245 978 2286 scriptum
1009 2244 1127 2276 fuerat
1158 2244 1323 2276 nimirum
1355 2244 1445 2276 male
1476 2244 1601 2276 diuisis
1635 2244 1765 2277 litteris

219 2297 413 2336 quadratae
437 2297 576 2338 ffinssere
664 2296 729 2328 296
751 2300 945 2328 reddentur
972 2296 1166 2333 Bentleius,
1199 2299 1397 2328 redduntur
1433 2295 1523 2327 libri.
1573 2295 1766 2328 reddentur

220 2347 379 2380 uersibus
403 2349 556 2387 656-72;
591 2359 683 2380 nunc
711 2349 928 2380 omittuntur
1016 2347 1166 2378 297-351
1191 2357 1280 2388 quae
1307 2347 1421 2379 tribus
1450 2347 1566 2379 uerbis
1596 2347 1765 2379 Geminus

219 2399 333 2431 tradit
353 2400 374 2431 2
396 2401 414 2434 7
439 2401 595 2431 ὑποτείνει
616 2401 636 2438 ὴ
657 2403 713 2431 τοῦ
734 2401 891 2440 τριγώνου
914 2401 1037 2439 πλευρὰ
1061 2400 1120 2430 ὑπὸ
1140 2399 1236 2438 ζῴδια
1255 2400 1312 2437 μὲν
1333 2400 1487 2439 τέσσαρα,
1511 2401 1626 2439 μοίραο·
1649 2401 1682 2431 δε
1702 2399 1762 2439 ρκ’,

221 2451 260 2483 16
283 2452 438 2483 ὑποτείνει
456 2453 475 2490 ἡ
491 2453 547 2483 τοῦ
561 2453 763 2492 τετραγώνου
780 2453 904 2491 πλευρὰ
924 2453 984 2482 ὑπὸ
1001 2450 1095 2491 ζῴόια
1116 2453 1173 2488 μὲν
1190 2452 1272 2490 τρία,
1290 2452 1406 2490 μοίρασ
1425 2452 1458 2481 δὲ
1477 2450 1522 2490 q',
1540 2461 1581 2482 ea
1597 2450 1766 2482 Blanilius

219 2505 260 2534 ut
276 2503 505 2544 popularibus
524 2504 608 2542 suis,
627 2503 657 2535 si
679 2503 769 2535 forte
789 2504 912 2544 possit,
932 2502 1095 2540 inculcet,
1116 2512 1177 2543 per
1198 2512 1319 2533 uersus
1338 2501 1489 2543 amplius
1508 2502 1766 2544 quinquaginta

220 2554 314 2585 omni
337 2565 402 2596 ope
426 2554 621 2586 adnititur:
646 2558 769 2586 tantae
793 2554 895 2585 molis
911 2558 989 2585 erat
1006 2553 1201 2585 Romanam
1220 2556 1360 2595 gentem
1377 2552 1430 2584 bis
1447 2553 1530 2584 bina
1545 2558 1632 2595 quot
1649 2560 1765 2585 essent

219 2605 417 2646 perdocere.
466 2616 637 2637 summam
661 2605 912 2637 admonitionis
935 2606 985 2637 sic
1009 2604 1128 2637 reddit
1152 2604 1356 2636 Bentleius:
1386 2604 1498 2646 ‘quod
1526 2608 1582 2636 tot
1605 2605 1765 2636 uersibus

219 2662 343 2689 auctor
362 2657 529 2696 ostendit,
553 2657 617 2688 hoc
637 2661 778 2689 tantum
799 2660 861 2689 est.
911 2657 1054 2695 errabis,
1073 2656 1200 2698 inquit,
1219 2657 1249 2687 si
1271 2656 1306 2687 in
1328 2655 1439 2687 latere
1461 2656 1592 2698 trigoni
1611 2657 1764 2698 quinque

220 2709 358 2750 integra
383 2709 483 2750 signa
509 2709 758 2740 numeraueris.
808 2719 887 2740 cum
914 2708 1007 2739 enim
1035 2708 1070 2739 iu
1099 2712 1173 2739 toto
1197 2707 1559 2749 aequatore’—innno
1581 2707 1766 2740 zodiaco—

222 2760 315 2792 ‘sint
342 2765 461 2802 partes
488 2760 562 2791 siue
589 2759 718 2802 gradus
745 2760 820 2798 360,
851 2769 932 2801 pars
957 2760 1064 2791 tertia
1089 2760 1164 2790 eius
1190 2759 1326 2790 numeri
1351 2759 1426 2790 siue
1453 2759 1516 2791 120
1540 2759 1633 2791 latus
1658 2758 1766 2791 efficit

220 2812 361 2853 trigoni.
411 2811 521 2853 atqui,
555 2811 585 2843 si
615 2811 769 2852 quinque
799 2811 900 2852 signa
930 2821 1103 2849 numeres,
1137 2809 1295 2841 efficiunt
1325 2813 1444 2851 partes
1481 2811 1551 2842 150.
1602 2810 1765 2842 similiter

221 2862 364 2901 errabis,
394 2863 424 2894 si
451 2863 487 2894 in
514 2863 624 2894 latere
651 2863 817 2904 quadrati
844 2865 1014 2904 quattuor
1045 2862 1143 2903 signa
1174 2862 1311 2903 integra
1342 2871 1512 2893 numeres.
1562 2872 1641 2893 cum
1672 2862 1763 2893 enim
