1931 3202
238 112 290 150 18
835 109 896 150 M.
930 108 1181 150 MANILII

411 219 539 275 signa
559 222 719 267 meant,
742 219 853 260 nihil
875 219 1072 261 exterius
1094 219 1312 261 mirantur
1335 219 1380 260 in
1403 219 1508 274 ipsis

410 294 677 335 amissumue
698 293 862 343 dolent,
883 293 1098 349 quaedam
1120 293 1247 349 quod,
1269 296 1395 349 parte
1416 293 1552 334 recisa

289 375 350 410 170
409 371 542 423 atque
563 382 618 409 ex
639 366 814 408 diuerso
835 367 1078 408 commissis
1099 381 1276 423 corpore
1299 366 1518 415 membris,

410 445 460 483 ut
483 441 776 497 Capricornus
798 445 842 483 et
863 441 1086 482 intentum
1109 442 1185 497 qui
1207 441 1369 496 derigit
1390 454 1541 482 arcum

410 517 587 558 iunctus
609 530 742 571 equo:
774 530 876 571 pars
898 515 1000 557 huic
1022 515 1224 564 hominis,
1246 515 1321 557 sed
1343 515 1465 556 nulla
1486 515 1632 570 priori.

410 591 509 645 [hoc
532 604 704 646 quoque
725 589 994 631 seruandum
1016 593 1082 631 est
1103 589 1195 631 alta
1216 589 1450 631 discrimen
1473 589 1519 630 in
1541 592 1645 638 arte,

408 665 547 706 distat
567 664 683 705 enim
706 664 870 719 gemini
891 664 979 705 duo
1000 664 1090 705 sint
1111 663 1302 719 duplane
1325 663 1497 719 figura]

288 748 349 782 175
409 739 517 794 quin
539 739 673 780 etiam
697 738 888 794 Erigone
910 738 1026 780 binis
1048 741 1308 780 numeratur
1329 738 1375 778 in
1396 738 1538 785 astris,

409 828 488 855 nec
510 813 644 855 facies
664 813 780 854 ratio
801 813 990 868 duplex3
1021 827 1124 853 nam
1147 812 1310 854 desinit
1331 815 1486 860 aestas,

406 888 563 944 incipit
583 890 824 929 autumnus
846 887 990 929 media
1011 887 1094 929 sub
1116 887 1300 943 Virgine
1322 887 1556 942 utrimque.

407 962 569 1004 idcirco
591 962 771 1018 tropicis
792 962 1063 1017 praecedunt
1084 961 1288 1003 omnibus
1309 965 1429 1003 astra

230 1077 342 1108 uertit
354 1086 416 1118 per
429 1077 600 1117 ὁλόκληρα.
642 1085 688 1108 111
701 1076 743 1110 72
756 1080 862 1107 cottam
874 1075 1020 1108 hominis
1032 1086 1167 1107 cen-<nm
1257 1074 1318 1106 168
1342 1078 1498 1106 exterius
1511 1077 1689 1107 mirantur
1701 1075 1775 1113 GU,

231 1131 515 1161 exterminantur
547 1131 581 1166 L,
615 1130 907 1159 exterminatitur
941 1131 975 1159 M
1066 1127 1128 1158 169
1155 1129 1371 1159 amissumue
1402 1127 1477 1159 cod.
1508 1126 1618 1166 Flor.‚
1650 1129 1777 1159 admis-

230 1188 354 1212 sumue
369 1183 438 1218 LM,
457 1182 723 1218 admissumque
746 1182 772 1210 G
861 1182 981 1211 dolent
997 1179 1072 1217 GL‘-'‚
1094 1182 1215 1210 dolens
1233 1181 1291 1210 LM
1380 1181 1474 1216 quod
1494 1181 1555 1217 GL,
1573 1187 1642 1217 que
1657 1182 1692 1210 M

273 1232 445 1273 quaedam
472 1232 574 1273 quod,
602 1231 639 1262 id
663 1230 760 1273 quod
787 1230 960 1272 quaedam
983 1231 1082 1272 signa
1108 1230 1230 1262 dolent
1253 1230 1496 1262 miranturue:
1532 1230 1654 1262 dolent
1676 1235 1778 1272 parte

229 1282 351 1323 recisa,
381 1283 556 1315 mirantur
583 1282 748 1314 membris
776 1293 819 1314 ex
846 1282 988 1314 diuerso
1015 1292 1160 1324 corpore
1188 1282 1391 1313 commissis.
1441 1281 1619 1314 intellexit
1645 1282 1773 1324 FayuS.

229 1337 364 1366 ceteros
389 1338 609 1366 transuersos
634 1334 708 1376 egit
732 1345 923 1376 pronomen
948 1333 1139 1365 relatiuum
1162 1336 1243 1375 post
1266 1344 1367 1365 suum
1391 1333 1506 1365 locum
1528 1334 1711 1373 reiectum,
1738 1339 1779 1366 ut

229 1385 316 1418 Hor.
343 1397 444 1418 serm.
470 1395 484 1418 1
505 1388 526 1418 4
550 1388 589 1418 81
615 1385 691 1417 vixi
715 1396 800 1418 cumv
815 1385 946 1427 quibus,
973 1385 1070 1417 Man.
1097 1394 1111 1417 1
1135 1386 1196 1417 281
1219 1385 1370 1416 sidereus
1393 1386 1484 1417 circa
1507 1385 1657 1417 medium
1679 1396 1777 1426 quem

228 1437 382 1470 uoluitur
405 1438 507 1477 orbis,
537 1447 567 1469 11
593 1438 658 1469 283
685 1438 805 1469 desunt
832 1447 932 1478 quae,
961 1446 986 1468 V
1012 1438 1077 1468 422
1104 1436 1195 1468 uenit
1221 1447 1262 1468 erc
1288 1437 1346 1468 illo
1371 1436 1535 1478 quisquis.
1584 1437 1649 1468 11οο
1673 1448 1777 1469 uersu

229 1492 266 1521 et
282 1499 311 1521 11
328 1490 392 1522 283
408 1493 548 1532 poetam
566 1489 603 1521 id
619 1490 730 1531 egisse
747 1488 856 1527 dicas,
875 1499 919 1520 ne
938 1499 999 1530 pes
1020 1492 1169 1530 quartus
1191 1499 1260 1520 una
1281 1499 1366 1520 uoce
1388 1488 1578 1529 spondiaca
1599 1493 1777 1521 constaret

318 1541 380 1573 170
402 1544 543 1573 diuerso
570 1544 631 1579 GL,
660 1543 812 1573 aduerso
843 1543 877 1571 M
968 1539 1028 1571 171
1053 1543 1095 1572 ut
1124 1543 1184 1579 GL,
1214 1543 1325 1578 utque
1355 1539 1404 1579 L‘-',
1432 1543 1474 1572 ut
1501 1549 1592 1578 quae
1619 1543 1653 1572 M
1741 1545 1778 1573 et

229 1592 411 1625 Breiterus
424 1593 460 1624 in
473 1592 592 1624 Fleck.
610 1592 725 1624 annal.
742 1592 811 1624 uol.
832 1592 892 1626 147
908 1602 941 1634 p.
962 1593 1036 1629 419,
1057 1595 1093 1623 et
1107 1594 1164 1623 hie
1180 1595 1214 1630 G,
1236 1602 1302 1623 om.
1318 1594 1377 1623 ΕΜ
1463 1594 1643 1624 intentum
1655 1595 1717 1630 qui
1728 1596 1774 1630 Μ,

228 1647 290 1683 qui
316 1647 498 1677 intentum
528 1647 586 1677 GL.
637 1644 768 1675 similes
799 1654 921 1675 uersus
949 1643 1074 1684 collegi
1101 1643 1145 1674 ad
1177 1651 1190 1674 Ι
1221 1644 1263 1677 47
1352 1647 1541 1685 utrumque
1570 1643 1709 1685 signum
1741 1650 1778 1676 et-

229 1697 342 1737 διφυέσ
355 1700 390 1728 et
407 1697 559 1735 ἡμιτελέο-
580 1695 793 1737 appellatur,
812 1695 912 1726 uelut
925 1694 1023 1726 Vett.
1040 1694 1119 1726 Val.
1140 1705 1173 1736 p.
1197 1696 1248 1733 11,
1268 1694 1392 1726 Ludw.
1408 1695 1555 1727 Maxim.
1572 1706 1628 1737 pp.
1649 1696 1710 1728 108
1722 1706 1773 1738 sq.

316 1748 378 1780 172
401 1748 535 1780 izmctus
561 1758 655 1788 equo,
685 1756 699 1778 1
726 1747 791 1781 270
817 1746 945 1778 mixtus
972 1757 1066 1787 equo,
1100 1745 1203 1778 Ouid.
1233 1756 1340 1778 amor.
1372 1755 1386 1777 Ι
1413 1748 1433 1778 4
1460 1747 1480 1779 9
1507 1757 1564 1778 uec
1591 1757 1674 1788 equo
1701 1758 1776 1779 mea

226 1800 379 1832 membra
402 1799 578 1831 cohaerent
667 1801 820 1830 hominis
843 1801 887 1836 M,
913 1801 985 1829 oris
1006 1801 1065 1834 GL,
1089 1801 1129 1829 ut
1150 1809 1182 1829 u.
1208 1799 1290 1836 1903
1314 1798 1445 1840 quippe
1466 1798 1637 1840 scriptum
1658 1799 1776 1831 fuerat

227 1852 310 1884 hffis.
360 1850 477 1893 Heph.
501 1850 611 1882 Theb.
636 1859 650 1882 Ι
678 1852 692 1882 l
717 1849 784 1889 (ed.
812 1849 975 1892 Engelbr.
1004 1860 1036 1891 p.
1065 1850 1107 1882 60
1130 1850 1185 1889 21)
1209 1851 1247 1881 τὸ
1270 1851 1326 1880 τοῦ
1348 1851 1482 1888 Τοξότου
1506 1851 1776 1891 δωδεκατημόριον

227 1903 278 1942 (id
304 1906 358 1934 est
383 1903 533 1942 siquam)
558 1927 566 1934 .
590 1927 597 1934 .
617 1927 624 1934 .
652 1903 717 1933 ἀπὸ
741 1903 859 1942 μέρουσ
884 1902 1158 1941 ἀνθρωπόμορφον
1248 1903 1360 1939 priori
1387 1904 1421 1932 M
1452 1906 1487 1933 et
1516 1901 1591 1934 cod.
1616 1902 1775 1935 Venetus

227 1955 318 1987 sicut
340 1954 536 1986 coniecerat
558 1953 747 1992 Lzmnoius,
771 1955 903 1991 prioris
924 1956 974 1984 GL
1063 1952 1125 1984 173
1149 1952 1212 1984 174
1235 1952 1369 1984 deleuit
1393 1953 1597 1985 Bentleius:
1633 1955 1776 1986 ‘uersus

227 2007 339 2049 spurii
362 2010 399 2037 et
429 2005 580 2038 barbari.
630 2005 704 2036 alta
737 2009 811 2036 arte
845 2004 1119 2046 putidissimum.
1169 2005 1279 2045 dupla
1307 2004 1429 2045 fissura
1459 2016 1528 2036 non
1559 2009 1652 2037 esset
1681 2006 1775 2047 quod

226 2058 370 2090 cuculus
391 2057 447 2089 hic
468 2056 623 2095 uolebat,
645 2056 707 2088 sed
721 2056 844 2098 Jiqura
867 2056 972 2096 duplo
995 2056 1109 2087 maior
1129 2056 1267 2087 altera)
1321 2056 1457 2088 accedit
1481 2061 1522 2088 ut
1544 2057 1773 2089 masculinum

225 2120 335 2151 genus
366 2110 402 2141 in
428 2108 554 2150 yemini
581 2108 753 2140 rationem
781 2119 851 2139 non
878 2107 1018 2139 habeat.
1068 2111 1225 2139 ceterum
1252 2108 1378 2148 duplus
1405 2119 1467 2150 pro
1495 2108 1630 2150 duplici
1655 2110 1775 2150 posuit

226 2161 391 2194 Sidonius
416 2171 469 2202 ep.
492 2169 564 2192 VIII
590 2161 609 2192 9
632 2161 652 2191 5
676 2170 709 2191 u.
737 2160 788 2198 10,
814 2159 1006 2200 duplaeque
1021 2159 1166 2200 frondis
1187 2159 1192 2200 Ι
1213 2159 1290 2191 hinc
1314 2159 1415 2191 bacas
1438 2160 1593 2201 quatiam
1618 2161 1673 2193 uel
1697 2161 1774 2193 hinc

226 2213 410 2254 corymbos,
440 2212 539 2244 cuius
566 2211 722 2253 aequalis
749 2211 858 2242 fuisse
885 2214 1003 2252 potest
1030 2211 1089 2252 qui
1119 2211 1181 2242 hos
1213 2221 1335 2242 uersus
1362 2210 1466 2242 finxit
1555 2211 1618 2243 174
1640 2221 1684 2244 ne
1711 2215 1772 2251 GL,

224 2274 268 2297 ue
287 2263 359 2296 L2M
449 2263 511 2295 176
533 2265 643 2295 facies
664 2262 739 2294 cod.
763 2263 870 2301 Flor.‚
890 2265 980 2294 facie
1003 2265 1096 2294 GLM.
1146 2273 1209 2294 1100
1229 2263 1359 2304 duplex
1380 2263 1538 2304 Virginis
1558 2263 1666 2295 facies
1682 2265 1775 2297 ratio

225 2320 278 2348 est
294 2315 520 2358 quamobrem
537 2315 573 2346 in
588 2315 682 2346 binis
702 2325 742 2345 ea
758 2316 976 2352 numeretur,
996 2324 1076 2345 nam
1093 2314 1195 2346 adest
1211 2314 1322 2346 altera
1339 2325 1378 2346 ac
1397 2315 1514 2356 potior
1530 2315 1630 2347 ratio.
1680 2316 1772 2348 idem

224 2379 293 2400 non
313 2368 426 2399 solum
447 2366 491 2398 de
516 2365 662 2408 Virgine
688 2366 749 2398 sed
778 2365 821 2397 de
841 2366 998 2397 Geminis
1019 2365 1211 2406 Sagittario
1236 2365 1395 2397 Piscibus
1416 2365 1505 2398 dicit
1528 2376 1650 2398 comm.
1677 2367 1768 2399 Ptol.

223 2422 307 2451 tetr.
332 2419 386 2451 ed.
410 2418 516 2450 Basil.
543 2419 625 2450 1559
647 2428 680 2459 p.
706 2417 761 2456 29,
787 2418 910 2454 δίσωμα
933 2418 1087 2455 κέκληται
1112 2419 1171 2457 οὐχ
1196 2419 1244 2449 ὅτι
1269 2419 1303 2448 ἐκ
1327 2418 1380 2448 δύο
1404 2419 1560 2455 σωμάτων
1579 2420 1772 2457 συνέστηκεν

224 2471 297 2503 ἀλλ’
312 2472 359 2502 ὅτι
375 2472 493 2509 μεταξὺ
510 2471 564 2501 δύο
581 2470 667 2509 ὡρῶν
681 2471 752 2501 εἰσι.
802 2469 979 2510 duplicem
994 2468 1154 2510 Virginis
1166 2469 1291 2500 faciem
1305 2469 1474 2500 Manilius
1488 2471 1773 2503 commemorauit

224 2523 332 2555 etiam
359 2533 392 2553 u.
421 2521 485 2553 662
511 2520 747 2562 duplicemque
778 2521 814 2551 in
848 2519 986 2560 Vimine
1005 2520 1185 2560 sormam:
1211 2520 1347 2551 scilicet
1370 2520 1443 2552 alas
1467 2520 1585 2560 habet,
1614 2521 1713 2554 uelut
1736 2523 1772 2554 in

224 2574 372 2616 sphaera
396 2573 620 2610 Farnesiana,
643 2572 737 2603 unde
758 2573 919 2612 πτερωτόν
941 2572 1143 2613 appellatur
1162 2571 1283 2603 Ludw.
1302 2571 1444 2603 Maxim.
1464 2583 1497 2614 p.
1522 2573 1582 2605 108
1599 2574 1629 2611 S,
1650 2573 1766 2615 Heph.

224 2625 332 2657 Theb.
353 2634 366 2656 1
390 2626 406 2656 1
431 2626 478 2666 (p.
498 2625 539 2656 55
562 2625 627 2663 14),
647 2623 745 2655 Vett.
770 2623 849 2655 Val.
870 2634 902 2665 p.
927 2624 963 2654 11
985 2624 1016 2662 4,
1036 2622 1215 2655 G.C.A.s.÷.
1242 2632 1255 2654 1
1279 2634 1312 2665 p.
1336 2624 1397 2655 166
1422 2624 1475 2662 31,
1495 2633 1550 2655 v11
1572 2635 1604 2667 p.
1629 2625 1694 2656 202
1718 2627 1767 2665 16,

223 2679 379 2708 σύνθετοσ
395 2678 447 2707 καὶ
463 2676 733 2715 καταπτερωμένη
750 2674 896 2706 Iohann.
917 2674 1054 2707 Camat.
1075 2675 1150 2709 775.
1198 2674 1356 2706 ordinem
1373 2675 1560 2707 uerborum
1576 2675 1772 2709 defendunt

223 2728 326 2770 Prop.
354 2737 383 2759 11
407 2728 450 2759 26
474 2728 492 2761 7
517 2737 557 2758 ne
571 2726 667 2766 forte
691 2731 787 2757 tuum
808 2737 904 2758 mare
927 2737 1047 2757 nomen
1071 2726 1205 2758 haberet
1227 2728 1342 2765 (tuum
1364 2729 1516 2766 nomen),
1541 2727 1636 2760 Man.
1662 2737 1687 2759 V
1707 2730 1770 2761 568

215 2780 307 2820 felix
322 2780 383 2811 illa
400 2779 472 2811 dies
488 2778 681 2809 redeuntem
694 2778 741 2808 ad
753 2777 857 2809 litora
870 2777 969 2809 dnoez't
987 2777 1062 2815 (illa
1074 2777 1205 2816 litora),
1221 2777 1289 2809 alia
1303 2777 1415 2809 multa
1505 2778 1566 2810 177
1589 2782 1769 2818 utrimque

221 2831 269 2870 L²,
288 2835 479 2868 utrumque
495 2832 580 2861 GLM
670 2828 730 2859 178
755 2828 907 2869 tropicis,
930 2832 971 2860 ut
988 2829 1083 2870 apud
1102 2829 1286 2871 plerosque
1306 2834 1446 2871 praeter
1463 2830 1714 2870 Ptolemaeum,
1734 2839 1771 2864 et

221 2882 424 2915 solstitialia
443 2884 479 2913 et
501 2880 774 2922 aequinoctialia
796 2879 981 2922 significat.
1032 2880 1077 2912 ad
1100 2881 1184 2912 haec
1205 2880 1275 2912 duo
1299 2882 1514 2923 tropicorum
1538 2882 1769 2925 binorumque
