1931 3202
229 97 285 136 40
825 94 886 135 Μ.
920 92 1170 135 MANILII

458 209 585 248 sexta
605 219 778 261 quoque
800 205 844 246 in
867 205 1011 246 nullas
1033 208 1324 246 numerantur
1342 205 1568 247 commoda
1591 205 1719 254 uires,

401 279 577 335 uirgula
598 294 676 335 per
696 283 839 321 totum
862 278 977 334 quod
999 293 1079 334 par
1100 293 1186 320 non
1209 278 1387 320 ducitur
1406 279 1553 320 orbem

401 353 476 395 sed
497 353 584 395 duo
604 353 731 407 signa
754 352 855 394 ferit
876 352 1030 393 mediis
1051 352 1255 394 submota
1276 353 1514 408 quaternis,

401 427 560 469 tertius
581 427 814 482 absumpto
836 426 994 467 ductus
1016 441 1103 468 non
1129 426 1289 468 sufficit
1310 426 1423 468 orbe.

279 510 342 542 395
458 504 517 549 at,
538 515 649 557 quae
670 500 857 541 diuersis
879 514 901 541 e
924 500 1124 555 partibus
1146 503 1268 542 astra
1289 500 1511 557 refulgent·

402 590 479 631 per
499 574 691 616 medium
713 573 898 615 aduerso
919 575 1131 615 mundum
1155 574 1391 630 pendentia
1411 575 1540 616 uultu

402 652 447 690 et
468 652 562 690 toto
581 648 725 690 diuisa
746 652 927 690 manent
947 649 1169 690 contraria
1191 649 1309 690 caelo

403 723 588 778 septima
609 736 819 778 quaeque,
840 723 933 764 loco
955 723 1158 778 quamuis
1179 723 1383 764 submota
1405 722 1622 770 feruntur,

403 811 457 838 ex
480 797 610 852 longo
630 800 779 838 tamen
802 796 878 837 illa
899 796 1050 838 ualent
1071 797 1274 852 uiresque
1297 797 1553 839 ministrant

281 880 346 912 400
406 870 476 912 uel
497 870 612 912 bello
634 870 702 912 uel
724 885 829 926 pace
849 884 961 918 suas,
984 874 1034 912 ut
1057 875 1255 927 tempora
1274 875 1470 927 poscunt,

403 959 519 987 nunc
541 944 696 986 foedus
717 945 866 993 stellis,
889 959 1005 986 nunc
1027 950 1071 986 et
1092 945 1364 987 dictantibus
1385 945 1482 987 iras.

226 1104 372 1146 paribus
387 1103 563 1136 adiectiuo
580 1114 648 1135 non
661 1106 781 1145 potest
796 1113 863 1134 non
881 1102 1071 1144 significari
1088 1113 1190 1134 sexus
1208 1102 1408 1137 diuersitas.
1424 1103 1467 1135 de
1481 1114 1549 1145 qua
1565 1103 1601 1135 in
1619 1103 1777 1135 uersibus

231 1157 294 1189 388
322 1166 372 1198 sq.
400 1166 513 1188 sermo
539 1155 631 1187 fuit:
667 1155 768 1197 atqui
799 1155 907 1197 siguis
934 1165 1018 1186 sexu
1051 1153 1251 1195 disparibus
1281 1154 1457 1196 quadrata
1483 1154 1693 1193 formantur,
1723 1154 1778 1186 his

231 1212 349 1239 autem
381 1212 511 1238 natura
541 1206 635 1239 dedic
666 1206 837 1239 communi
857 1206 1006 1246 foedera
1033 1206 1100 1245 leqe
1123 1204 1127 1247 Ι
1147 1205 1247 1246 inque
1278 1208 1385 1238 w'cem
1414 1206 1570 1247 aelthelm
1599 1211 1628 1238 et
1658 1211 1778 1238 mutua

232 1259 313 1291 iura
327 1258 493 1300 fauori-n
516 1269 605 1300 quae
628 1258 689 1301 qui
712 1258 816 1290 modo
839 1257 998 1289 uersibus
1022 1257 1087 1289 340
1107 1268 1155 1299 sq.
1177 1257 1410 1295 confirmauit,
1436 1258 1466 1290 is
1487 1268 1579 1290 nunc
1602 1258 1779 1290 contraria

231 1310 388 1353 proferre
418 1310 586 1342 creditur.
649 1320 692 1342 ne
727 1309 1017 1351 interpolatorem
1050 1309 1192 1350 quidem
1224 1312 1325 1341 tanto
1356 1320 1460 1351 opere
1494 1309 1661 1341 delirasse
1691 1312 1778 1351 puto

232 1366 272 1394 ut
299 1362 364 1394 hoc
392 1361 506 1393 dicere
533 1361 699 1400 uoluerit,
724 1361 786 1393 sed
811 1372 851 1392 eo
876 1361 995 1403 potius
1020 1360 1165 1392 consilio
1190 1360 1404 1392 uersiculum
1429 1360 1571 1393 finxisse
1594 1365 1635 1393 ut
1662 1362 1780 1393 uersui

232 1414 297 1446 394
326 1413 557 1452 subiceretur,
593 1413 756 1454 disparia
787 1416 906 1444 autern
937 1412 1037 1451 siqua
1068 1422 1108 1444 ea.
1138 1412 1427 1454 intellegerentur
1459 1423 1549 1454 quae
1581 1412 1782 1455 disparibus

232 1465 334 1498 lineis
372 1465 559 1497 coniuncta
596 1468 691 1503 sunt,
728 1464 826 1496 nulla
865 1468 905 1495 ut
943 1464 1116 1496 efficiatur
1153 1463 1264 1495 forma
1301 1464 1585 1506 aequilateralis:
1630 1475 1699 1506 quo
1737 1464 1781 1495 de

233 1527 358 1560 genere
392 1519 476 1548 sunt
505 1521 601 1548 sexta
704 1515 855 1547 ael-394
879 1519 991 1553 sexta,
1024 1515 1060 1547 id
1098 1519 1152 1547 est
1189 1519 1360 1557 quattuor
1398 1516 1617 1557 interpositis
1651 1515 1776 1547 diuisa.

234 1569 334 1601 Cens.
363 1568 406 1600 de
432 1567 490 1600 die
516 1573 589 1599 nat.
620 1569 640 1600 8
670 1568 710 1600 10
734 1578 756 1599 α
783 1568 853 1599 Ioco
884 1573 974 1598 sever-o
1006 1571 1197 1607 conspectus
1227 1567 1320 1599 omni
1350 1573 1441 1599 caret
1472 1567 1673 1609 efficientia;
1711 1567 1782 1599 eim

234 1621 323 1652 enim
360 1620 452 1652 linea
489 1620 617 1651 nullius
653 1619 815 1660 polyqoni
853 1618 947 1660 efficit
986 1619 1078 1650 latus
1187 1618 1249 1649 391
1284 1618 1390 1650 ‘ordo
1428 1624 1482 1651 est
1519 1623 1613 1650 sexta
1651 1629 1781 1660 quoque

234 1672 345 1713 siqua,
379 1675 420 1703 ut
451 1672 555 1703 Aries
587 1675 623 1702 et
653 1671 776 1712 Virgo,
810 1670 986 1702 habentur
1019 1669 1201 1701 commoda
1232 1671 1268 1701 in
1303 1670 1417 1702 nullas
1448 1671 1550 1702 uires.
1606 1671 1779 1703 commoda

235 1723 291 1755 hic
322 1727 376 1755 est
407 1722 643 1754 adiectiuum'
676 1722 867 1754 Bentleius.
917 1721 1097 1753 commoda
1125 1721 1169 1753 ad
1197 1722 1290 1753 uires
1320 1722 1549 1763 praebendas,
1583 1725 1624 1754 ut
1655 1731 1695 1753 IV
1722 1722 1783 1754 124

237 1774 390 1807 fecundis
417 1774 453 1806 in
481 1774 609 1806 uellera
698 1773 760 1804 392
784 1782 851 1812 par
878 1773 1161 1812 Bonincontrius,
1191 1781 1276 1811 pars
1302 1773 1385 1805 libri
1481 1773 1543 1804 393
1567 1776 1651 1805 fex-lt
1678 1773 1781 1805 Bent-

235 1827 324 1858 leius
358 1825 514 1857 nondum
548 1825 698 1867 cognitis
729 1828 752 1856 L
784 1829 820 1856 et
858 1827 892 1856 M
929 1824 1088 1856 codicum
1123 1825 1346 1863 lectionibus,
1383 1828 1502 1857 ferunt
1539 1828 1584 1863 M,
1624 1827 1709 1857 fecit
1746 1828 1782 1863 L,

235 1880 324 1910 fac1t
360 1880 386 1909 G
474 1876 537 1908 394
575 1880 764 1915 absumpto
802 1876 1115 1918 Regiornontanus‚
1153 1878 1342 1915 adsumpto
1379 1876 1462 1915 ΠΜ,
1498 1879 1682 1915 assumpto
1720 1879 1778 1908 GL.

237 1929 352 1972 prima
382 1929 475 1960 linea
505 1928 550 1960 ad
581 1932 719 1960 sextum
748 1928 886 1970 signum
913 1927 1026 1967 (uelut
1054 1927 1098 1959 ab
1129 1928 1253 1960 Ariete
1280 1927 1325 1959 ad
1352 1928 1562 1970 Virginem),
1595 1928 1708 1960 altera
1738 1927 1784 1959 ad

237 1981 389 2013 alterum
408 1983 547 2012 sextum
567 1980 618 2019 (id
639 1984 693 2012 est
710 1991 730 2011 a
747 1979 893 2021 Virgine
912 1979 957 2011 ad
974 1980 1183 2021 Aquarium)
1202 1979 1320 2018 ducta,
1339 1978 1546 2021 absumptae
1562 1984 1646 2012 sunt
1662 1980 1784 2011 circuli

238 2036 357 2075 partes
384 2041 459 2071 000,
489 2036 530 2063 ut
557 2031 603 2063 ad
630 2032 779 2063 tertium
807 2031 954 2063 ductum
982 2030 1204 2062 efficiendum
1229 2041 1296 2062 non
1320 2035 1455 2063 restent
1472 2031 1540 2063 nisi
1565 2040 1624 2070 Lx,
1653 2030 1784 2073 fiatque

240 2084 457 2126 triangulum
483 2083 753 2125 aequicrurium.
803 2083 832 2114 is
856 2083 966 2125 igitur
990 2082 1118 2114 ductus
1138 2093 1215 2114 cum
1237 2082 1365 2114 debeat
1389 2091 1432 2114 οῖ,
1451 2084 1607 2124 partium
1629 2093 1714 2121 esse,
1738 2084 1786 2114 sit

239 2140 358 2168 autem
386 2144 433 2167 LX
465 2138 616 2174 tantum,
650 2145 720 2167 non
752 2134 893 2166 sufficit.
942 2134 1110 2176 Scaligeri
1141 2144 1276 2166 errores
1308 2135 1467 2176 coarguit
1491 2134 1687 2166 Bullialdus

285 2186 435 2218 395-432
459 2188 559 2229 signa
587 2188 750 2227 διάμετροι,
778 2186 953 2218 contraria
978 2188 1025 2225 (u.
1053 2186 1131 2225 397)
1156 2186 1230 2217 siue
1254 2186 1404 2218 aduersa
1426 2187 1517 2225 (415)
1543 2187 1618 2218 siue
1645 2185 1785 2218 diuersa

241 2240 333 2279 (432)
349 2238 530 2281 appellata
618 2238 679 2269 395
704 2242 744 2270 at
760 2247 851 2276 quae
868 2237 1033 2279 Scaliger,
1052 2241 1160 2276 atque
1176 2246 1219 2269 ea
1234 2237 1315 2269 libri
1403 2246 1422 2269 e
1443 2240 1514 2276 GM,
1533 2246 1576 2269 ex
1590 2240 1635 2275 L;
1667 2246 1707 2269 iv
1722 2238 1785 2269 593

242 2301 258 2323 e
276 2290 436 2332 partibus
457 2300 576 2322 omnes
664 2289 726 2320 396
750 2292 901 2322 aduerso
923 2289 996 2328 ΘΗΖ,
1020 2292 1190 2321 aduersos
1211 2292 1280 2320 Lm.
1328 2288 1414 2320 ordo
1433 2288 1575 2321 uidetur
1594 2299 1668 2320 esse
1688 2289 1787 2320 uultu

238 2352 303 2383 per
327 2341 477 2374 medium
502 2341 669 2373 mzmdum
694 2341 851 2379 aduerso,
881 2351 962 2372 nam
986 2340 1139 2382 pendere
1166 2351 1228 2382 per
1253 2340 1407 2371 medium
1433 2339 1602 2371 mundum
1626 2340 1711 2382 quid
1739 2340 1785 2371 sit

242 2404 366 2435 parum
394 2392 624 2434 intellegitur.
673 2392 846 2424 tendentia
878 2391 1059 2424 Bentleius
1089 2402 1159 2423 non
1189 2393 1263 2423 sine
1290 2392 1416 2433 specie,
1442 2402 1555 2433 neque
1582 2392 1675 2423 enim
1701 2391 1786 2423 haec

243 2444 358 2477 sidera
384 2444 496 2486 magis
526 2443 682 2485 pendent
712 2454 818 2486 quam
850 2446 966 2475 cetera
997 2443 1123 2474 omnia.
1173 2443 1335 2475 aduersos
1365 2442 1537 2474 tendentia
1562 2443 1689 2482 uultus,
1718 2453 1786 2484 quo

245 2496 372 2528 ducere
393 2496 508 2528 uideri
529 2500 677 2537 possunt
697 2498 767 2533 LM,
789 2499 830 2527 ut
851 2495 966 2527 wlleus
988 2505 1051 2537 pro
1074 2495 1148 2526 acie
1169 2495 1374 2536 accipiatur,
1399 2495 1514 2526 minus
1537 2498 1632 2526 rect-e
1655 2494 1788 2526 dicitur

245 2558 348 2590 quam
366 2557 379 2580 1
399 2549 462 2579 649
481 2547 664 2588 circumfer
677 2546 801 2588 facilis
822 2547 931 2579 oculos
953 2547 1150 2587 uultumque
1240 2545 1303 2577 397
1325 2550 1472 2578 manent
1493 2545 1566 2584 (3122,
1590 2549 1710 2578 manet
1727 2549 1786 2577 Lm

332 2598 395 2630 398
418 2599 641 2640 interpunxit
657 2598 821 2639 Scaliger,
841 2598 897 2630 cui
914 2597 1114 2630 Bentleiuln
1130 2608 1308 2629 assensum
1326 2608 1412 2636 esse,
1431 2598 1604 2629 restitisse
1619 2597 1783 2629 Iacobum

246 2650 458 2683 Bechertum
479 2650 687 2688 Breiterum,
711 2650 828 2691 quiuis
849 2660 911 2681 sua
931 2653 1055 2691 sponte
1078 2649 1255 2691 intellegit
1342 2648 1405 2679 399
1428 2652 1551 2681 ualent
1574 2648 1671 2681 GL²M
1694 2649 1788 2680 sicut

247 2702 443 2734 coniecerat
467 2701 632 2743 Scaliger,
656 2704 802 2733 manent
823 2704 847 2732 L
933 2700 995 2731 401
1021 2703 1143 2733 foedus
1165 2700 1357 2739 Bentleffls,
1381 2703 1516 2739 phoebo
1535 2700 1627 2732 libri.
1675 2709 1704 2731 11
1724 2701 1788 2732 469

248 2753 366 2786 odium
378 2753 546 2794 foedusue
560 2757 680 2794 qerzmt
768 2753 881 2791 stellis,
904 2752 1069 2794 planetis,
1091 2752 1251 2794 quamuis
1273 2751 1309 2783 id
1328 2756 1432 2793 neget
1448 2751 1651 2788 Bentleius3
1676 2761 1787 2793 neque

249 2805 341 2836 enim
372 2805 476 2836 aliter
506 2804 775 2846 explicationem
808 2803 940 2835 habent
970 2814 1057 2836 nunc
1078 2829 1085 2835 .
1107 2828 1114 2836 .
1135 2828 1143 2835 .
1168 2814 1257 2835 nunc
1287 2807 1323 2835 ct
1354 2803 1532 2845 superiore
1563 2813 1667 2834 uersu
1697 2812 1785 2834 com-

249 2860 441 2888 memorata
468 2860 631 2897 tempora.
681 2855 858 2887 contraria
883 2855 982 2897 sigua
1009 2866 1090 2887 suas
1114 2855 1316 2887 ministrant
1339 2855 1454 2892 uires3
1486 2854 1716 2887 concordesne
1743 2864 1787 2885 an
