1931 3202
255 119 311 160 36
851 118 912 161 Μ.
945 118 1197 161 MANILII

300 238 366 270 350
425 243 534 284 quos
556 229 601 270 in
622 229 752 285 plura
771 229 895 271 iubet
915 229 1030 271 ratio
1050 230 1282 285 procedere
1303 230 1431 286 signa

425 302 660 352 interdum,
682 317 813 358 quam
836 307 941 345 sunt
961 304 1156 345 numeria
1177 307 1419 346 memorata
1438 319 1516 360 per
1537 303 1697 346 orbem.

481 376 556 418 sed
578 376 706 432 longe
729 377 868 419 maior
890 377 959 418 uis
980 382 1047 419 est
1067 392 1147 433 per
1167 378 1294 434 signa
1314 378 1479 433 trigoni

424 464 556 505 quam
579 450 738 506 quibus
758 455 825 492 est
845 451 1005 492 titulus
1025 451 1108 493 sub
1130 455 1288 508 quarto
1310 466 1482 508 quoque
1508 451 1746 507 quadratis.

422 524 553 566 altior
574 527 641 566 est
660 524 817 565 horum
839 524 1043 567 submoto
1063 525 1179 567 linea
1199 526 1376 582 templo,

298 606 362 638 355
422 598 498 639 illa
519 598 659 653 magis
680 598 827 640 uicina
847 604 966 641 meat
985 599 1190 655 caeloque
1210 600 1376 642 recedit

424 675 467 713 et
492 672 674 728 propius
695 676 837 714 terras
858 672 1027 715 accedit
1048 674 1170 715 uisus
1191 689 1340 715 eorum

420 760 608 801 aeraque
630 745 844 788 infectum
867 751 1041 788 nostras
1062 747 1261 790 demittit
1281 748 1337 790 ad
1359 763 1498 790 auras.

479 819 648 861 debilia
668 821 851 863 alternis
873 821 980 863 data
1000 826 1105 864 sunt
1126 823 1386 864 commercia
1413 822 1562 878 signis,

246 970 419 1011 praetulit
443 970 574 1011 efficiat,
599 981 678 1002 cum
702 974 821 1003 tamen
845 972 1143 1014 interpretaretur
1172 975 1283 1015 ‘qnae
1308 976 1372 1005 aut
1394 973 1573 1014 trigonum
1598 978 1661 1006 aut
1686 977 1794 1007 tetra·

245 1031 375 1063 gonum
392 1021 503 1059 facit,'
521 1021 557 1053 id
581 1026 635 1054 est
658 1022 799 1063 efficiens
887 1023 952 1055 350
974 1026 1074 1056 iubet
1095 1024 1261 1066 Scaliger,
1279 1027 1381 1057 iuuet
1403 1025 1485 1057 libri
1574 1025 1665 1057 ratio
1685 1026 1794 1058 arith·

247 1073 384 1111 metica,
403 1076 444 1105 ut
460 1082 506 1105 111
522 1073 586 1106 246
606 1084 704 1114 quem
725 1085 905 1106 ‘numerum
926 1075 1017 1107 debet
1038 1076 1130 1108 ratio
1151 1076 1210 1108 sed
1230 1086 1298 1108 non
1316 1076 1409 1117 capit
1431 1087 1520 1109 usus.
1570 1077 1654 1109 haec
1675 1082 1793 1110 autem

245 1124 349 1163 ratio,
374 1135 395 1155 a
417 1134 527 1166 prauo
554 1125 713 1166 profecta
736 1127 850 1165 initio,
878 1127 907 1158 si
931 1127 1031 1159 uerbi
1059 1137 1164 1159 causa
1189 1128 1320 1170 trigoni
1348 1128 1442 1160 latus
1465 1128 1620 1170 quinque
1646 1129 1795 1172 integris

245 1175 354 1217 signis
376 1175 595 1216 formaueris,
614 1176 651 1208 id
673 1181 727 1209 est
748 1178 911 1219 partibus
927 1187 980 1217 CL,
1001 1178 1159 1220 postulat
1183 1184 1224 1211 ut
1245 1179 1380 1221 reliqua
1404 1179 1474 1211 duo
1497 1179 1610 1212 latera
1631 1180 1667 1212 in
1691 1180 1795 1222 plura

244 1227 343 1269 signa
366 1230 555 1270 partesque
581 1228 823 1270 producantur
847 1240 952 1271 quam
979 1229 1086 1262 habet
1108 1230 1283 1270 zodiacus,
1311 1231 1348 1262 in
1376 1231 1477 1273 signa¹
1501 1231 1669 1263 uidelicet
1693 1232 1793 1274 quin-

245 1277 358 1311 decim
382 1279 457 1311 siue
480 1283 599 1321 partes
623 1289 730 1313 CCOOL
818 1280 882 1312 351
911 1283 1062 1313 numeris
1085 1287 1275 1314 memorata
1295 1293 1359 1323 per
1383 1283 1504 1319 orbem,
1531 1284 1795 1316 enumeratione

243 1338 355 1362 CCCLX
377 1331 532 1373 partium
557 1332 807 1373 comprehensa
901 1332 1051 1364 352-357
1075 1334 1253 1375 trigonum
1274 1334 1354 1376 plus
1377 1334 1494 1366 ualere
1517 1345 1623 1376 quam
1645 1334 1792 1377 quadra-

244 1385 321 1413 tum
345 1381 530 1414 confirmat
553 1383 735 1422 Manilius,
760 1387 954 1426 praeterea,
980 1395 1084 1426 quem
1109 1387 1280 1424 nouerim,
1307 1396 1408 1417 nemo
1496 1385 1560 1417 352
1582 1396 1646 1428 pro
1667 1386 1795 1427 triyoni

245 1433 427 1466 Bentleius
449 1434 593 1474 triyonz's
609 1435 764 1477 scripsit,
782 1435 876 1477 quod
901 1437 1052 1478 requirit
1072 1447 1155 1468 sane
1179 1437 1271 1468 ratio
1293 1437 1544 1479 grammatic-213
1568 1447 1684 1469 eorum
1699 1437 1793 1470 enim

243 1484 463 1527 pluratiuum
487 1496 520 1518 u.
537 1487 601 1518 356
624 1497 694 1528 quo
719 1487 895 1519 referatur
922 1498 992 1519 non
1020 1487 1138 1527 habet,
1166 1499 1245 1520 cum
1269 1489 1369 1529 siqua
1395 1489 1459 1521 hoc
1484 1499 1588 1521 uersu
1613 1489 1678 1521 352
1702 1500 1791 1522 com-

244 1539 437 1569 memorata
452 1547 522 1569 non
538 1538 670 1580 trigoni
694 1539 764 1570 sint
782 1538 843 1570 sed
860 1538 1003 1570 zodiaci.
1054 1539 1115 1571 sed
1132 1539 1220 1572 illud
1240 1540 1416 1582 elegantia
1439 1545 1618 1582 praestare
1635 1540 1790 1580 uidetur,

244 1591 411 1630 sequente
428 1588 463 1620 in
482 1590 632 1630 proximi
650 1600 772 1622 uersus
789 1590 888 1622 exitu
906 1590 1102 1631 quadratis,
1115 1594 1156 1623 ut
1172 1596 1360 1623 excusetur
1376 1592 1598 1634 neglegentia
1609 1593 1790 1624 sermonis.

240 1649 307 1680 per
322 1639 432 1680 siyna,
448 1640 484 1671 in
501 1640 654 1680 zodiaco,
673 1646 714 1673 ut
731 1650 760 1672 11
777 1642 851 1680 307,
872 1642 948 1681 310,
967 1651 1012 1674 111
1029 1643 1082 1680 87,
1104 1643 1177 1682 120,
1198 1643 1270 1680 128,
1290 1644 1351 1675 491
1442 1643 1505 1674 353
1522 1643 1652 1684 quibus,
1672 1654 1792 1675 eorum

245 1690 383 1733 quibus.
433 1700 479 1723 111
500 1692 564 1724 493
585 1703 635 1734 sq.
655 1692 838 1725 distribues
855 1693 1014 1734 primam
1029 1694 1137 1726 uicem
1158 1705 1224 1735 quo
1241 1694 1395 1726 Phoebus
1416 1694 1453 1726 in
1473 1700 1567 1727 aetro
1580 1695 1735 1736 fid-ecrit,
1756 1695 1793 1728 id

245 1746 299 1775 est
315 1742 345 1775 ei
360 1747 454 1775 astro
470 1743 507 1775 in
523 1754 587 1785 quo
677 1744 737 1776 sub
753 1750 876 1786 quarto
893 1755 1023 1786 quoque
1045 1745 1131 1787 quid
1155 1746 1330 1788 significet
1350 1746 1489 1779 facilius
1512 1747 1668 1779 sentitur
1685 1757 1792 1789 quam

244 1794 305 1836 qui
332 1793 370 1826 id
399 1794 596 1836 significare
625 1797 739 1838 possit
766 1796 987 1838 explicatum
1025 1800 1081 1829 est
1111 1800 1230 1829 autem
1261 1798 1335 1830 fere
1368 1800 1467 1830 ‘cum
1495 1802 1622 1840 quarto
1651 1809 1792 1840 quoque

244 1845 343 1887 signo
369 1846 598 1878 censeantur'
687 1847 752 1878 354
780 1847 903 1887 (ἄπειπε,
929 1849 949 1887 ἡ
977 1849 1198 1881 ὑποτείνουσα.
1247 1850 1382 1890 templo,
1408 1860 1491 1881 arcu
1516 1849 1597 1882 suo’
1621 1849 1787 1892 Scaliger.

244 1897 406 1938 templum
435 1897 584 1930 fortasse
614 1899 728 1930 totius
765 1899 854 1931 caeli
885 1899 1059 1932 ambitum
1090 1899 1280 1942 significat,
1310 1904 1351 1933 ut
1382 1910 1411 1933 11
1442 1902 1506 1934 806
1536 1902 1644 1933 imum
1674 1901 1792 1943 templi

243 1959 476 1990 summumque
500 1960 671 1988 cacumen,
697 1950 768 1982 Cic.
790 1950 833 1982 de
857 1961 923 1993 r.p.
944 1960 983 1983 VI
1012 1953 1051 1983 15
1084 1951 1183 1984 illum
1207 1952 1353 1992 ylobum,
1383 1963 1481 1993 quem
1511 1953 1547 1984 in
1577 1952 1638 1985 hoc
1668 1954 1792 1994 templo

243 2000 392 2032 medium
413 2000 520 2039 uides,
544 2012 631 2042 quae
653 2006 749 2034 terra
773 2002 912 2041 dicitur,
930 2002 1033 2035 Varr.
1048 2002 1114 2035 l.L.
1130 2012 1185 2035 vn
1210 2005 1229 2038 7
1254 2014 1395 2046 quaqua
1420 2004 1538 2036 intuiti
1564 2009 1661 2036 erant
1688 2004 1789 2044 oculi,

243 2062 266 2083 a
296 2052 419 2084 tuendo
452 2053 608 2093 primum
638 2053 801 2094 templum
831 2053 985 2092 dictum;
1024 2056 1183 2095 quocirca
1217 2056 1372 2088 caelum.
1394 2080 1401 2088 .
1423 2080 1430 2088 .
1451 2055 1581 2088 dictum
1615 2056 1786 2097 templum.

243 2103 365 2135 eadem
388 2103 568 2136 dubitatio
592 2104 707 2136 oritur
731 2104 776 2136 ad
802 2114 831 2136 11
856 2106 920 2137 668
1010 2105 1072 2136 355
1101 2106 1174 2145 illa,
1201 2107 1333 2148 trigoni
1421 2106 1485 2138 356
1510 2107 1656 2148 propius
1679 2112 1791 2140 terrae

242 2157 284 2186 ut
300 2163 313 2186 1
330 2155 394 2187 315
413 2155 576 2196 proxima
589 2155 756 2196 friqentis
772 2155 897 2188 Arctos
984 2156 1080 2189 uisus
1100 2168 1217 2190 eorum
1233 2159 1478 2200 (trigonorum,
1494 2163 1536 2191 ut
1556 2158 1632 2191 dixi
1651 2158 1696 2190 ad
1711 2159 1790 2199 352)

242 2213 396 2245 mutuus,
426 2206 491 2238 hoc
515 2210 570 2239 est
600 2207 694 2239 linea
720 2209 900 2249 superiore
926 2218 1031 2241 uersu
1058 2214 1339 2242 commemorata.
1397 2209 1497 2243 Gens.
1518 2210 1562 2242 de
1588 2210 1646 2242 die
1675 2213 1748 2243 nat.
1769 2211 1790 2243 8

243 2259 263 2290 8
289 2268 340 2300 sq.
367 2268 444 2290 cum
467 2258 546 2298 (sol)
570 2258 608 2290 in
637 2264 802 2300 quartum
832 2260 968 2300 siqnum
993 2260 1151 2301 peruenit
1179 2266 1208 2293 et
1235 2262 1351 2293 media
1377 2262 1446 2293 duo
1471 2266 1560 2300 «siant,
1587 2261 1680 2294 uidet
1707 2263 1789 2294 κατὰ

241 2311 456 2350 τετράγωνον,
475 2310 638 2351 quoniam
653 2310 763 2342 tinea
786 2310 874 2350 itta,
893 2321 972 2352 qua
995 2311 1111 2343 uisus
1128 2313 1349 2353 pertendit,
1374 2318 1536 2354 quartam
1547 2318 1686 2354 partem
1700 2313 1790 2346 orbis

241 2360 396 2393 abscidit.
446 2372 520 2393 cnm
544 2362 580 2393 in
603 2361 721 2402 quinto
745 2367 858 2394 autem
881 2367 927 2394 est
951 2363 1058 2395 tribus
1081 2363 1356 2396 interiacentibus
1377 2364 1510 2403 mediis,
1529 2366 1611 2396 κατὰ
1633 2366 1789 2406 τρίγωνον

242 2412 366 2453 aspicit
378 2423 393 2451 ,·
436 2423 520 2445 nam
557 2413 694 2445 tertiam
731 2413 889 2454 siyrtiferi
925 2419 1064 2455 partem
1101 2414 1216 2447 uisus
1252 2415 1322 2447 itte
1359 2416 1507 2448 metitur.
1571 2427 1658 2457 quae
1699 2417 1789 2449 duae

242 2463 421 2496 uisioues
450 2466 645 2505 τετράγωνοι
673 2469 702 2496 et
729 2467 876 2506 τρίγωνοι
904 2470 970 2498 etc.
1021 2466 1116 2499 Sext.
1145 2477 1234 2509 emp.
1262 2469 1346 2508 πρὸσ
1377 2469 1467 2508 ἀστρ.
1495 2468 1537 2500 39
1564 2467 1609 2499 de
1634 2468 1790 2510 planetis

243 2516 474 2556 ἐπιβλέπειν
501 2517 534 2547 δέ
560 2517 712 2556 λέγονται
735 2518 903 2555 ἀλλήλουσ
920 2541 927 2549 .
950 2542 957 2549 .
978 2542 986 2549 .
1007 2519 1035 2549 οἱ
1057 2519 1140 2549 κατὰ
1155 2520 1310 2559 τρίγωνον
1327 2521 1346 2558 ἢ
1367 2521 1570 2560 τετράγωνον
1587 2520 1784 2559 φαινόμενοι.

243 2568 325 2598 κατὰ
350 2568 503 2607 τρίγωνον
521 2591 528 2599 .
549 2591 557 2599 .
579 2591 586 2599 .
608 2570 886 2609 ἐπιθεωροῦσιν
918 2570 1085 2607 ἀλλήλουσ
1112 2571 1249 2611 ἀστέρεσ
1277 2572 1305 2601 οἱ
1330 2572 1424 2611 τριῶν
1448 2572 1568 2611 ζῳδίων
1592 2573 1728 2611 ἔχοντεσ
1750 2572 1789 2603 τὸ

242 2619 361 2657 μεταξὺ
384 2619 555 2657 διάστημα.
604 2619 726 2651 eodem
748 2630 850 2652 sensu
875 2620 969 2652 uisus
991 2621 1135 2662 ponitur
1152 2632 1209 2653 uu.
1226 2622 1302 2660 371,
1321 2623 1395 2660 386,
1415 2622 1490 2661 575,
1509 2622 1658 2654 fortasse
1678 2623 1786 2655 etiam

242 2669 304 2704 377
319 2682 327 2708 ;
351 2669 420 2702 alio
437 2673 474 2702 et
489 2670 631 2712 proprio
648 2672 711 2702 468
728 2674 765 2702 et
780 2672 844 2703 503
933 2671 996 2703 357
1011 2674 1183 2704 infectum
1195 2672 1268 2709 (³13,
1279 2675 1482 2705 ineffectum
1492 2676 1560 2706 Lm.
1610 2682 1639 2706 11
1656 2675 1720 2706 856
1732 2684 1782 2716 sq.

242 2731 337 2753 omne
354 2746 361 2753 .
382 2746 389 2753 .
412 2745 419 2753 .
439 2721 574 2762 siquam
590 2746 597 2753 .
619 2746 626 2754 .
647 2746 654 2753 .
670 2722 832 2762 partibas
853 2722 1007 2763 inficitur
1026 2723 1149 2755 mundi
1236 2727 1397 2757 demittit
1417 2725 1493 2757 cod.
1507 2725 1616 2764 Flor„
1635 2727 1789 2758 dimittit

242 2774 327 2804 (ΕΜ
393 2783 477 2804 aera
490 2772 622 2805 habent
634 2776 730 2805 astra
743 2783 782 2805 1v
795 2774 870 2813 483,
886 2775 962 2813 499,
977 2774 1127 2807 fortasse
1144 2775 1207 2809 743
1277 2775 1429 2806 358-384
1441 2776 1578 2808 alterna
1593 2777 1668 2809 siue
1681 2777 1787 2809 tertia

242 2833 399 2866 quaeque
415 2824 491 2856 siue
507 2824 688 2866 hexagona
776 2825 839 2857 858
855 2827 987 2858 debilia
1003 2827 1089 2858 satis
1105 2826 1193 2858 bene
1210 2826 1369 2866 Iacobus,
1382 2830 1556 2865 (inuiaque
1568 2831 1595 2860 Θ
1609 2838 1783 2870 suprascr.

242 2884 332 2907 man.
356 2876 371 2907 l
397 2878 434 2907 et
457 2879 500 2907 ut
525 2875 668 2908 uidetur
691 2875 740 2916 10²,
759 2879 926 2915 (uinaque
949 2880 984 2908 M
1007 2880 1044 2909 et
1068 2881 1109 2909 ut
1135 2877 1279 2910 uidetur
1301 2881 1336 2918 L,
1359 2881 1536 2918 dubiaque
1559 2882 1585 2911 G
1608 2879 1644 2911 in
1668 2883 1783 2918 textu,
