1931 3202
251 139 332 178 102
842 135 903 178 Μ.
936 136 1071 178 MAN
1074 136 1187 178 ILII

421 248 522 304 quoi
544 247 705 290 titulus
727 247 863 289 Felix,
924 262 1102 289 censum
1125 248 1185 289 sic
1206 247 1409 303 proxima
1431 247 1590 289 Graiae

420 325 572 364 nostra
592 321 713 363 subit
734 321 911 376 linguae
933 322 1155 376 uertitque
1177 336 1203 362 a
1223 321 1399 363 nomine
1419 335 1590 363 nomen.

297 405 362 437 890
420 395 622 451 Iuppiter
642 396 724 437 hac
745 395 943 436 habitat:
974 395 1270 436 uenerandam
1292 395 1418 437 crede
1439 395 1621 451 regenti.

247 526 481 559 uenerandam
498 537 572 558 esse
588 526 801 568 perhiberet,
820 526 1115 568 quemadmodum
1138 535 1167 558 11
1184 528 1248 561 875
1264 532 1300 558 et
1317 536 1362 558 111
1383 527 1442 561 127
1465 526 1658 558 horrendas
1679 526 1766 559 alias
1781 539 1789 564 ;

247 589 352 620 quam
368 579 604 610 coniecturam
627 588 719 609 anno
743 579 825 610 1903
847 582 988 610 secutus
1005 589 1091 610 sum.
1142 589 1234 610 nunc
1259 577 1397 610 Bentlei
1421 579 1653 610 mutationem
1676 578 1791 620 specie

246 640 370 672 parum
398 629 708 661 commendabilem
736 629 787 661 ita
811 629 919 671 probo
947 634 987 661 ut
1005 629 1173 670 fortunae
1199 640 1337 668 nornen,
1363 629 1457 671 quod
1484 640 1518 661 u.
1545 630 1610 662 890
1635 630 1790 671 positum

247 681 332 723 quid
360 681 488 712 habeat
512 680 721 712 incommodi
750 685 871 722 postea
895 680 1105 719 uidebimus,
1132 681 1200 713 huc
1225 681 1475 713 retrahendum
1502 691 1672 719 censeam,
1699 680 1791 713 unde

247 743 325 764 cum
342 732 486 764 librario
506 743 527 763 a
541 732 632 773 sort·
649 731 694 763 ad
708 732 800 772 sort·
817 731 1003 764 aberrante
1024 732 1213 764 excidisset
1229 738 1265 764 et
1284 733 1320 764 in
1337 733 1492 775 margine
1509 733 1679 774 scriptum
1697 743 1788 769 mox.

246 788 288 815 ut
318 783 370 823 fit,
403 784 556 815 alienum
586 783 702 815 locum
732 788 937 825 occupasset
968 783 1114 825 expulso
1151 783 1245 826 quod
1283 783 1316 815 in
1349 794 1382 815 u.
1417 784 1482 816 890
1519 784 1627 816 fuisse
1657 784 1791 816 conicio

246 835 455 871 ueneranda,
475 835 565 866 hanc
581 845 713 873 uocem,
732 835 815 867 item
841 835 990 877 margini
1013 835 1204 877 appictam,
1223 845 1345 866 manco
1369 836 1487 867 uersui
1510 836 1572 870 887
1596 835 1792 877 supplendo

246 886 401 918 uicissim
425 885 623 918 adhibitam
649 896 724 918 esse
750 897 820 917 non
848 886 1052 918 incredibile
1078 891 1143 918 cst.
1192 897 1272 918 nam
1297 886 1390 928 quod
1417 886 1466 918 sic
1490 886 1693 918 undecimae
1716 886 1791 918 sedi

247 937 514 977 Fortunaseliae,
533 937 689 969 decimae
710 948 742 969 u.
764 938 826 971 927
851 937 921 969 κατ’
942 939 1059 978 ἑξοχήν
1083 938 1239 970 Fortuna
1254 949 1379 969 nomen
1397 942 1462 976 est,
1482 937 1606 970 itidem
1622 937 1720 970 sedes
1736 937 1791 969 his

246 1000 265 1021 e
290 989 428 1031 regione
453 989 636 1031 oppositae
661 989 787 1030 quinta
812 994 849 1021 et
876 994 1003 1031 quarta
1027 989 1201 1021 similibus
1225 990 1319 1021 inter
1342 1000 1378 1021 se
1400 989 1517 1021 titulis
1543 989 1731 1021 Daemonie
1754 994 1792 1021 et

247 1040 477 1072 Daemonium
493 1040 718 1082 appellantur
733 1051 791 1072 uu.
812 1041 874 1075 897
892 1047 928 1072 et
944 1041 1018 1073 938.
1068 1047 1222 1072 ceterum
1246 1040 1442 1072 cauendum
1466 1044 1520 1072 est
1542 1051 1585 1073 ne
1608 1051 1672 1082 pro
1693 1043 1792 1073 certo

246 1092 414 1124 ducamus
445 1091 571 1131 ἀγαθοῦ
602 1093 753 1130 δαίμονοσ
777 1102 915 1130 nomen,
945 1091 1039 1134 quod
1070 1092 1164 1134 apud
1197 1092 1446 1124 Manethonem
1478 1103 1547 1124 non
1577 1096 1688 1131 extat,
1722 1093 1789 1124 iam

246 1143 387 1175 Manilii
403 1142 620 1185 temporibus
633 1143 835 1175 undecimae
848 1143 923 1175 sedi
939 1143 1093 1175 inditum
1105 1154 1190 1182 esse,
1207 1144 1266 1185 qui
1283 1144 1316 1175 in
1331 1143 1543 1185 templorum
1555 1143 1792 1186 appellatione

247 1198 286 1227 ut
303 1194 415 1226 multa
430 1195 575 1236 propria
590 1194 709 1234 habet,
729 1195 779 1226 ita
802 1195 915 1226 multa
938 1196 1099 1237 ignorare
1123 1195 1266 1227 uidetur
1289 1206 1377 1237 quae
1393 1206 1413 1227 a
1433 1196 1638 1237 posterioris
1660 1196 1791 1227 aetatis

246 1246 431 1288 astrologis
448 1246 640 1277 traduntur
728 1246 791 1276 888
808 1248 891 1284 quoi
908 1246 1071 1288 Scaliger,
1092 1249 1186 1283 quod
1206 1246 1288 1278 libri
1367 1246 1462 1287 felia:
1480 1246 1640 1278 feminini
1655 1246 1791 1288 generis

245 1300 310 1336 est,
330 1302 371 1329 ut
394 1297 578 1329 masculini
601 1297 766 1329 aestiuom
788 1298 824 1329 in
848 1307 861 1329 1
880 1299 942 1332 571
966 1298 1130 1330 aes-tinam
1152 1298 1263 1330 medio
1284 1309 1402 1330 nomen
1423 1298 1488 1330 eibi
1507 1298 1609 1330 sumit
1630 1298 1672 1330 ab
1695 1303 1791 1330 aestu

247 1349 350 1388 (alter
373 1349 534 1387 circulus,
555 1350 612 1380 cui
634 1360 761 1380 nomen
784 1352 839 1380 est
861 1349 1022 1388 aestiuo).
1071 1353 1168 1382 caret
1190 1349 1424 1391 ambiguitate
1448 1349 1550 1382 Ouid.
1571 1353 1653 1381 met.
1674 1358 1726 1381 xv
1748 1350 1791 1382 96

245 1406 340 1433 uetus
371 1400 433 1432 illa
463 1406 570 1439 aetas,
603 1400 660 1432 cui
688 1400 838 1440 fecimus
871 1411 980 1433 aurea
1010 1411 1129 1433 nomen
1217 1404 1268 1433 sie
1306 1401 1498 1440 Bentleius,
1532 1405 1563 1433 si
1600 1400 1691 1433 libri.
1740 1402 1791 1433 sic

245 1451 426 1484 reddendo
449 1451 578 1484 Latina
601 1452 733 1494 lingua,
752 1452 851 1484 cuius
875 1456 1065 1495 egestatem
1091 1460 1229 1485 accusat
1252 1452 1449 1491 Lucretius,
1473 1453 1632 1495 proxime
1654 1452 1791 1485 accedit

245 1504 291 1536 ad
315 1503 469 1536 Graecae
495 1504 629 1545 copiam
656 1508 692 1534 et
717 1503 874 1536 diuitias.
924 1504 1072 1536 Phaedr.
1098 1515 1177 1546 app.
1205 1504 1339 1536 Perott.
1365 1506 1406 1536 28
1436 1506 1499 1536 1-4
1515 1504 1616 1544 fiber,
1639 1504 1644 1546 l
1667 1504 1792 1536 Graeci

244 1555 400 1597 loquaces
424 1566 522 1596 quem
546 1554 708 1586 dixeriml
735 1560 899 1587 castorem
918 1557 922 1592 Ι
944 1561 974 1587 et
998 1555 1199 1587 indiderunt
1224 1555 1346 1588 bes-tiae
1373 1566 1493 1587 nomen
1523 1555 1589 1594 clei,
1612 1556 1616 1597 Ι
1638 1555 1702 1594 illi,
1731 1555 1792 1596 qui

245 1607 375 1639 iactant
391 1617 423 1638 se
439 1606 619 1638 uerborum
636 1606 746 1647 copia,
765 1607 882 1638 Germ.
899 1607 987 1649 frag.
1007 1616 1047 1639 VI
1065 1607 1216 1646 (G.L.K.
1238 1616 1282 1638 111
1300 1618 1332 1649 p.
1352 1609 1430 1647 417)
1447 1606 1591 1649 qui<dui
1613 1606 1666 1649 te>
1685 1607 1791 1639 diuite

243 1658 373 1699 linqua,
400 1657 582 1700 {Graecia,
612 1668 842 1698 praecurram
878 1659 1055 1700 potiusque
1093 1659 1271 1699 triauyula
1309 1661 1428 1700 (quam
1466 1660 1617 1699 τρίγωνα)
1649 1659 1792 1690 dicam?

245 1712 321 1749 (cur
349 1708 457 1741 diuite
488 1709 578 1747 cod.,
606 1709 700 1751 quod
731 1710 866 1741 correxi
893 1711 929 1741 in
956 1709 1124 1743 Classical
1155 1710 1298 1742 Review
1326 1711 1410 1742 1900
1433 1721 1466 1752 p.
1496 1711 1563 1749 39).
1611 1709 1701 1742 male
1725 1721 1789 1752 pro

245 1771 378 1793 censum
394 1761 696 1802 Regiomontanus
711 1772 843 1793 sevisum
857 1761 980 1799 edidit,
999 1763 1048 1793 sic
1065 1763 1158 1793 enim
1174 1772 1243 1793 non
1259 1762 1397 1801 linquae
1413 1762 1474 1793 sed
1490 1761 1586 1793 uerbi
1601 1761 1789 1793 dicendum

245 1816 321 1844 erat
409 1811 472 1842 889
487 1815 600 1844 uertit
617 1812 783 1854 Scaliger,
801 1815 931 1845 uirtuti
948 1813 1030 1845 libri
1119 1813 1182 1844 890
1197 1816 1263 1845 hae
1280 1813 1591 1855 Regiomoutanus,
1609 1815 1674 1845 hoc
1693 1812 1784 1845 libri.

244 1864 308 1896 hac
346 1863 448 1895 sede:
488 1864 604 1895 minus
640 1863 872 1905 probabiliter
903 1864 1088 1896 Dulcinius
1122 1864 1186 1896 hic.
1244 1864 1422 1897 C.C.A.G.
1454 1873 1494 1896 lv
1523 1875 1557 1906 p.
1586 1865 1627 1898 97
1662 1865 1702 1896 10
1734 1867 1790 1896 τοῦ

244 1916 425 1953 ἑνδεκάτου,
452 1916 490 1946 ὅσ-
518 1917 586 1946 ἑστι
615 1917 694 1947 Διὸσ
716 1917 829 1948 τόποσ.
880 1916 973 1947 hunc
996 1916 1110 1948 locum
1134 1915 1230 1947 Iouis
1253 1927 1327 1947 esse
1351 1917 1576 1947 consentiunt
1600 1916 1730 1947 Paulus
1753 1920 1790 1948 et

244 1966 417 1998 Firminus
438 1977 544 2008 supra
566 1967 714 2006 laudati,
733 1967 795 2008 qui
815 1968 922 1999 etiam
939 1969 976 1999 in
997 1978 1037 1999 eo
1058 1978 1137 1999 cum
1156 1967 1303 1999 Manilio
1327 1968 1517 1999 concinunt
1538 1967 1632 2009 quod
1651 1967 1790 2000 Phoebo

244 2019 319 2050 siue
351 2017 423 2050 Soli
456 2029 588 2049 nonum
626 2018 838 2060 adsignant;
877 2019 1025 2050 tertium
1062 2019 1220 2051 Phoebes
1257 2019 1332 2051 siue
1370 2019 1490 2050 Lunae
1528 2029 1603 2050 esse
1641 2018 1789 2051 Manilio

243 2069 445 2101 adsentitur
469 2069 600 2101 Paulus
618 2070 771 2102 Firmico
795 2075 958 2109 tacente;
981 2070 1155 2102 Venerem
1179 2071 1216 2102 in
1239 2070 1374 2102 decimo
1398 2070 1579 2109 Manilius,
1598 2070 1730 2102 Paulus
1753 2074 1790 2102 et

243 2121 416 2152 Firmicus
447 2120 483 2152 in
513 2122 640 2162 quinto
667 2121 850 2160 collocant,
882 2121 1073 2154 Saturnum
1101 2122 1138 2154 hi
1168 2122 1205 2153 in
1236 2122 1453 2160 duodecimo,
1483 2122 1542 2153 ille
1573 2122 1610 2153 iu
1639 2126 1788 2163 quarto3

245 2172 420 2204 Mercurio
452 2172 621 2204 Manilius
652 2174 804 2214 primum
834 2173 949 2205 locum
980 2173 1161 2212 attribuit,
1197 2173 1326 2205 Paulus
1361 2178 1397 2205 et
1435 2173 1607 2205 Firmicus
1637 2173 1786 2212 nullum,

245 2223 356 2255 Marti
385 2223 423 2255 hi
453 2228 606 2263 sextum,
636 2224 774 2256 nullum
804 2224 984 2257 Manilius.
1035 2225 1207 2257 hactenus
1231 2225 1275 2256 de
1300 2229 1434 2266 septem
1461 2225 1538 2256 deis
1565 2225 1788 2266 planetarum

244 2274 486 2316 praesidibus;
524 2275 651 2317 quibus
688 2276 825 2307 accedit
863 2276 957 2318 apud
997 2276 1183 2308 Manilium
1222 2277 1258 2308 in
1296 2276 1449 2308 secundo
1482 2281 1519 2308 et
1549 2283 1675 2308 octauo
1713 2276 1788 2308 loco

244 2327 460 2358 constitutus
505 2327 666 2368 Typhon,
707 2327 800 2359 unde
838 2329 1027 2369 pessimum
1073 2334 1287 2360 cometarum
1333 2338 1442 2370 genus
1486 2338 1612 2359 nomen
1657 2326 1786 2359 habet:

244 2381 426 2419 praeterea
463 2377 558 2410 Ditis
588 2379 693 2410 ianua
727 2390 748 2410 a
786 2379 934 2410 Manilio
969 2379 1151 2421 septimus,
1185 2379 1262 2419 ᾅδου
1295 2379 1382 2418 πύλη
1416 2390 1436 2410 a
1470 2379 1581 2411 Paulo
1614 2378 1788 2410 secundus

244 2429 340 2461 locus
377 2429 577 2471 appellatur
664 2433 904 2462 uenerandam
916 2433 948 2469 ὕ,
983 2434 1147 2462 fortunae
1181 2431 1284 2463 libri:
1329 2430 1372 2462 de
1407 2430 1602 2462 mutatione
1632 2430 1707 2462 dixi
1743 2430 1788 2462 ad

244 2480 307 2514 887
395 2483 498 2512 crede
528 2484 668 2519 regenti
700 2481 865 2523 Scaliger,
900 2485 1042 2514 credere
1072 2485 1173 2520 genti
1203 2482 1283 2514 libri
1373 2482 1457 2513 haec
1487 2482 1557 2513 duo
1587 2482 1785 2520 enuntiata,

244 2531 404 2572 Iuppiter
429 2532 493 2564 hac
518 2532 672 2564 habitae:
696 2533 865 2574 fortunae
893 2534 989 2565 crede
1012 2534 1150 2574 ressenli,
1180 2534 1278 2565 nulla
1308 2535 1401 2565 inter
1431 2544 1467 2565 se
1493 2534 1629 2565 ratione
1656 2544 1788 2565 conexa

243 2587 349 2621 sunt3
384 2583 503 2625 itaque
534 2583 715 2616 Breiterus
745 2584 782 2616 in
813 2585 930 2617 Fleck.
959 2585 1073 2617 annal.
1101 2585 1170 2617 uol.
1200 2586 1261 2618 139
1291 2596 1325 2627 p.
1356 2586 1421 2617 694
1450 2584 1594 2625 regyencis
1624 2585 1784 2623 coniecit,

244 2633 466 2666 Immischius
501 2635 593 2677 apud
625 2635 836 2668 Bechertum
865 2637 1059 2677 fortunam.
1115 2636 1203 2668 mihi
1232 2647 1294 2668 cur
1324 2636 1403 2668 Ioui
1433 2637 1554 2668 eiusue
1584 2636 1700 2668 nescio
1730 2636 1788 2668 cui

242 2685 406 2717 fortunae
431 2686 604 2718 confidere
635 2690 709 2718 tam
739 2687 858 2719 subito
888 2688 1004 2720 edicto
1035 2687 1219 2720 iubeamur
1249 2698 1319 2719 non
1349 2691 1518 2730 apparet:
1557 2686 1786 2729 expectabam

243 2737 373 2777 potius,
407 2737 492 2779 quid
532 2737 575 2769 de
617 2738 713 2770 Iouis
743 2738 919 2780 praesidio
950 2739 995 2771 ad
1033 2739 1157 2781 templi
1188 2739 1329 2771 laudem
1366 2738 1604 2777 redundaret3
1646 2738 1787 2780 qualem

242 2788 453 2820 sententiam
476 2789 628 2821 restitui.
677 2789 768 2822 hanc
799 2790 926 2829 sedem,
953 2791 1081 2832 inquit,
1107 2790 1341 2822 uenerandam
1372 2801 1447 2822 esse
1477 2790 1544 2822 tibi
1575 2789 1787 2832 persuadeat

243 2849 398 2871 summus
442 2840 503 2882 qui
548 2851 625 2872 eam
667 2840 842 2882 gubernat
883 2841 978 2874 deus.
1037 2842 1152 2874 Germ.
1187 2842 1312 2884 phaen.
1347 2843 1410 2876 687
1451 2852 1583 2873 omnem
1626 2846 1786 2873 ornacum

241 2890 457 2923 uenerandae
472 2891 609 2923 numine
620 2892 762 2933 puppis,
783 2892 847 2925 hoe
863 2896 917 2924 est
930 2893 1080 2935 Argonis
1096 2893 1141 2925 ob
1157 2904 1286 2925 numen
1299 2892 1392 2935 quod
1409 2893 1443 2925 ei
1459 2893 1551 2925 inest
1567 2892 1788 2924 uenerandae
