1931 3202
646 100 1130 144 ASTRONOMICON
1171 99 1221 142 II
1647 102 1702 141 49

334 217 378 255 et
397 213 561 254 bellum
583 212 748 253 sociata
768 214 931 267 gerunt
944 225 952 261 3
984 211 1214 266 alienaque
1236 209 1336 252 sede

333 287 450 329 inter
470 301 515 328 se
534 289 750 341 generant
770 285 1024 327 coniunctos
1045 299 1172 327 omne
1192 299 1270 340 per
1291 298 1461 332 aeuum,

334 376 358 403 a
379 361 694 416 triquetrisque
715 360 801 401 orti
821 362 1027 415 pugnant
1048 359 1316 414 fugiuntque
1337 357 1531 399 uicissim
1548 372 1555 409 3

210 445 273 477 475
334 435 452 491 quod
472 435 590 482 deus,
611 434 657 475 in
679 434 797 490 leges
819 434 1032 475 mundum
1054 447 1153 475 011111
1175 433 1383 474 conderet
1403 446 1587 482 omnem,

333 508 534 551 adfectus
555 523 728 564 quoque
749 507 904 549 diuisit
924 507 1203 549 uariantibus
1225 507 1366 556 astris,

333 587 467 638 atque
487 583 674 624 aliorum
696 582 853 632 0011105,
876 582 1061 623 aliorum
1082 581 1271 623 eontulit
1291 595 1431 630 aures,

332 657 481 699 iunxit
501 656 718 698 amicitias
739 656 896 697 horum
918 655 1000 697 sub
1021 654 1196 697 foedere
1216 658 1347 705 certo,

333 745 508 774 cernere
530 734 583 772 ut
602 730 720 772 inter
741 745 785 772 se
807 733 985 786 possent
1005 729 1245 784 audireque
1266 728 1494 784 quaedam,

159 872 264 904 quam
294 872 314 893 a
345 865 449 904 poeta
478 862 596 894 omitti
626 862 745 904 potuit
834 862 1002 901 aduersis,
1036 864 1107 893 τοῖο·
1137 863 1219 893 κατὰ,
1258 862 1424 902 διάμετρον
1513 870 1581 892 non
1610 870 1705 892 num-

162 924 286 955 quam:
337 922 367 945 11
398 915 460 945 411
501 913 648 945 aduersa
685 913 859 946 interdum
895 914 1025 945 sociata
1045 913 1225 954 seruntur,
1265 913 1329 945 652
1366 911 1516 944 crebrius
1552 911 1709 944 aduersis

161 965 278 997 odium
294 969 340 997 esc
427 964 492 996 472
508 965 649 1004 sociata,
668 965 813 1007 paribus
835 965 938 997 lineis
958 965 1155 1004 coniuncta,
1176 965 1317 1006 trigona
1334 963 1510 1006 quadrata
1527 963 1710 1006 hexagona

247 1016 374 1056 aliena,
393 1018 548 1057 ἀλλότρια
564 1017 638 1049 siue
654 1018 824 1055 ἀσύνδετα,
844 1016 976 1048 1111111115
997 1016 1129 1048 formae
1150 1015 1412 1058 aequilateralis
1432 1015 1534 1047 lineis
1555 1015 1707 1047 sociata:

162 1067 260 1100 Paul.
280 1068 382 1100 Alex.
406 1068 435 1100 Ε
459 1070 651 1109 ἀπόστροφα
675 1071 746 1107 ἤτοι
770 1069 940 1107 ἀσύνδετα,
960 1067 1076 1110 Heph.
1098 1067 1207 1099 Theb.
1230 1076 1243 1099 1
1269 1068 1307 1099 11
1332 1071 1369 1099 et
1393 1067 1484 1099 Ptol.
1504 1069 1586 1099 tetr.
1611 1077 1646 1108 p.
1668 1067 1710 1099 10

162 1121 321 1151 ἀσύνδετα
343 1121 395 1151 καὶ
422 1121 721 1160 ἀπηλλοτριωμένα,
749 1130 873 1161 papyr.
902 1119 1034 1160 Oxyrh.
1064 1128 1110 1151 111
1135 1120 1199 1152 464
1225 1120 1264 1151 15
1285 1129 1335 1160 sq.
1362 1120 1426 1150 τῶν
1447 1119 1480 1149 δέ
1502 1131 1539 1150 τε
1558 1117 1707 1160 φαύλωνΙ

162 1170 380 1212 ἀλλοτρίων
408 1173 507 1202 ὄντων
533 1173 680 1212 κρεῖσσον
707 1173 766 1211 ἔφυ
789 1173 826 1202 τὸ
854 1173 947 1210 θέμα,
970 1170 1076 1203 Firm.
1105 1180 1134 1202 11
1153 1171 1195 1202 ‘23
1216 1171 1231 1202 1
1256 1180 1381 1202 auersa
1407 1169 1448 1201 ab
1474 1170 1655 1211 horoscopo
1680 1175 1709 1201 ec

162 1223 314 1263 quodam
342 1223 442 1254 modo
473 1222 620 1254 aliena.
679 1222 925 1264 significant-ur
955 1222 1134 1254 haerentia
1164 1225 1201 1253 et
1232 1227 1339 1260 sexta,
1369 1230 1398 1253 11
1429 1222 1558 1254 385-94
1644 1221 1708 1252 473

161 1277 336 1312 generant
350 1277 387 1313 G,
404 1278 534 1312 gerant
548 1277 606 1306 ΒΜ
694 1273 759 1305 474
774 1283 796 1305 a
813 1274 883 1313 (uel
898 1276 949 1313 in)
966 1276 1188 1312 triquetrisq.
1209 1274 1318 1312 orti&
1337 1275 1481 1311 utrique
1499 1275 1639 1305 trisorti
1659 1275 1704 1311 M,

161 1328 305 1364 utrique
330 1328 497 1359 *mem-ti
522 1329 556 1365 L,
586 1328 731 1364 utrique
762 1328 852 1357 sorti
878 1329 913 1357 G.
963 1334 985 1362 Q
1016 1326 1173 1357 litteram
1204 1325 1324 1356 hausit
1355 1334 1386 1363 0,
1414 1324 1707 1366 quemadmodum

161 1380 211 1409 GL
226 1377 263 1409 111
279 1386 304 1408 V
322 1378 382 1410 136
398 1376 528 1409 leuibus
543 1377 689 1409 obnoxia
705 1376 875 1409 exhibent
891 1387 955 1418 pro
972 1377 1177 1418 lenibusque,
1196 1377 1232 1408 in
1253 1376 1353 1408 Lucr.
1373 1385 1398 1407 v
1413 1376 1477 1408 342
1493 1386 1611 1407 omnes
1627 1375 1709 1408 libri

162 1434 198 1460 ac
223 1429 353 1469 oppida
368 1439 432 1470 pro
448 1433 547 1469 atque
562 1441 570 1467 3
594 1440 675 1460 nam
692 1429 807 1460 minus
822 1428 940 1470 placet
953 1433 993 1467 et,
1009 1429 1124 1460 minus
1137 1428 1245 1460 etiam
1257 1432 1293 1459 at
1307 1427 1492 1469 triquetris,
1508 1428 1708 1459 coniunctio

162 1484 281 1512 autem
297 1480 492 1512 necessaria
508 1483 572 1512 est.
621 1484 734 1512 metro
750 1480 1003 1512 consuluerunt
1019 1479 1094 1512 eod.
1112 1479 1204 1511 Flor.
1221 1482 1258 1511 et
1273 1478 1456 1511 Bentleius
1471 1478 1561 1510 alter
1573 1483 1602 1511 et
1618 1479 1709 1510 alter

162 1536 223 1563 auc
248 1537 329 1573 post
353 1531 488 1572 utrique
514 1531 712 1570 inserendo,
740 1532 938 1564 sententiae
965 1542 1035 1563 non
1060 1531 1158 1570 item,
1184 1541 1290 1573 quam
1314 1531 1452 1572 qualem
1477 1541 1551 1562 esse
1575 1530 1709 1562 uellent

163 1593 242 1614 011111
265 1593 328 1614 1100
352 1582 508 1625 Scaliger
530 1594 594 1614 1100
616 1583 798 1615 Bentleius
822 1582 1042 1624 significarit,
1061 1583 1178 1624 Fayus
1197 1586 1233 1614 et
1256 1582 1448 1624 Pingraeus
1468 1581 1603 1623 utrique
1626 1583 1709 1614 sorti

163 1634 445 1676 interpretantur
480 1634 638 1676 ‘generis
665 1645 705 1666 ac
730 1634 798 1666 1001
825 1635 938 1673 50111,’
972 1634 1204 1676 ‘l'impulsion
1227 1637 1262 1665 et
1287 1634 1331 1665 de
1354 1634 1430 1665 leur
1453 1636 1580 1666 nature
1604 1636 1641 1665 et
1666 1633 1709 1665 de

164 1686 240 1718 leur
255 1685 435 1728 position,'
452 1696 531 1718 eum
548 1690 667 1718 tamen
683 1686 813 1726 qeneris
830 1687 903 1718 siue
920 1691 1066 1717 naturae
1083 1687 1216 1717 mentio
1231 1685 1329 1717 nulla
1346 1685 1558 1727 praecessit3
1582 1696 1662 1717 nam
1679 1686 1709 1717 si

164 1737 256 1779 quis,
276 1737 370 1779 quod
393 1738 430 1768 in
454 1737 518 1769 hac
538 1737 736 1769 studiorum
758 1741 958 1769 nostrorum
975 1737 1176 1769 condicione
1195 1737 1354 1769 futurum
1371 1737 1539 1779 suspicor,
1552 1737 1710 1778 propriis

165 1789 290 1830 leqibus
308 1791 354 1828 (u.
375 1790 452 1828 466)
471 1789 620 1821 alteram
635 1789 731 1820 illam
748 1792 878 1821 sortem
895 1788 1084 1831 significari
1101 1789 1242 1827 dixerit,
1261 1800 1304 1820 ex
1323 1799 1363 1820 eo
1381 1788 1618 1830 quaerendum
1642 1788 1711 1821 erit

166 1851 262 1880 num,
290 1841 373 1882 quia
398 1841 548 1883 propriis
573 1841 709 1883 legibus
735 1846 831 1872 astra
856 1841 1080 1879 conueniant,
1106 1840 1233 1872 idcirco
1257 1840 1347 1879 (471)
1371 1840 1442 1872 illis
1466 1840 1552 1882 ipsis
1575 1839 1710 1881 legibus

167 1895 374 1934 repugnent.
424 1891 618 1933 Pingraeus
643 1899 758 1924 autem
785 1903 863 1924 cum
891 1892 940 1924 sic
965 1892 1079 1923 locum
1107 1895 1260 1931 enarrat,
1289 1893 1378 1933 ‘que
1401 1891 1569 1934 quelques
1592 1894 1711 1923 autres

167 1943 273 1982 enfin,
293 1943 461 1975 resistant
483 1944 504 1975 a
526 1943 739 1985 l'impulsion
765 1948 801 1976 et
824 1943 867 1975 de
890 1943 966 1975 leur
989 1947 1115 1975 nature
1139 1948 1175 1975 et
1198 1943 1241 1974 de
1264 1943 1340 1975 leur
1362 1943 1526 1985 position,
1545 1943 1709 1975 s'evitent

167 1995 462 2034 mutuellement,'
478 1995 540 2026 illa
564 1995 719 2036 quelques
742 2000 858 2027 autres
881 1995 924 2026 de
948 2006 1010 2026 suo
1026 1994 1154 2026 addere
1175 1998 1317 2026 coaetus
1340 1998 1405 2033 est,
1424 2005 1502 2026 eum
1526 1995 1563 2026 in
1584 1998 1710 2037 poetae

169 2047 337 2085 oratione,
364 2046 504 2088 qualem
529 2057 603 2078 eam
632 2046 807 2085 exhibuit,
832 2057 901 2078 non
925 2046 969 2077 de
992 2046 1070 2078 aliis
1093 2046 1202 2087 signis
1225 2046 1310 2078 haee
1333 2046 1498 2078 dicantur
1523 2045 1584 2078 sed
1607 2046 1711 2078 nimis

167 2097 318 2129 absurde
335 2097 378 2129 de
395 2097 537 2135 eisdem,
555 2108 644 2139 quae
660 2098 818 2140 proxime
835 2101 917 2129 ante
934 2101 1204 2129 commemorata
1219 2100 1314 2136 sunt,
1332 2097 1453 2129 alienis
1470 2097 1555 2130 sede.
1604 2108 1708 2138 nunc,

168 2159 248 2180 cum
267 2149 303 2180 in
319 2149 512 2191 archetypo
533 2149 641 2181 fuisse
660 2154 829 2192 appareat
849 2149 985 2191 utrique
1001 2149 1142 2188 tri-sorti,
1161 2149 1277 2180 omnia
1299 2149 1404 2190 plana
1427 2148 1528 2181 fiunt.
1576 2152 1618 2181 ut
1641 2149 1712 2181 illis

167 2200 324 2232 aduersis
354 2205 400 2233 est
431 2201 548 2241 qratia
577 2200 683 2242 siquis
713 2201 903 2242 respondet
937 2201 1057 2233 bellum
1093 2201 1223 2232 sociata
1252 2205 1384 2240 yeruuc,
1417 2201 1468 2232 ita
1504 2200 1559 2232 his
1596 2200 1711 2233 aliena

167 2256 330 2293 {fenerant
353 2252 545 2284 coniunctos
568 2252 777 2294 respondere
803 2251 907 2284 debet
932 2252 1032 2284 uelut
1054 2251 1327 2285 conimzclissima
1352 2256 1514 2292 ,qeneraut
1535 2252 1711 2291 inimicos-3

169 2314 258 2345 quae
288 2304 463 2335 sententia
500 2314 570 2335 una.
608 2303 732 2336 addita,
768 2303 902 2342 littera,
935 2314 1005 2335 una
1035 2307 1184 2342 mutata,
1217 2303 1378 2336 efficitur.
1432 2303 1588 2335 omnium
1618 2304 1709 2335 enim

166 2355 342 2387 artissime
365 2355 554 2387 cohaerent
577 2356 727 2397 trigona,
747 2355 885 2396 quibus,
905 2362 945 2387 ut
966 2355 1017 2386 ait
1039 2364 1067 2386 11
1084 2355 1148 2386 352
1164 2365 1230 2396 sq.,
1248 2355 1343 2395 Zouqe
1366 2354 1479 2386 maior
1501 2355 1555 2386 uis
1578 2359 1624 2387 est
1641 2379 1648 2387 .
1670 2379 1678 2388 .
1700 2380 1706 2387 .

166 2417 294 2447 quam.
315 2430 322 2439 .
345 2431 352 2439 .
373 2406 555 2447 quadratis
593 2407 811 2448 eeterisque3
850 2406 932 2438 uide
970 2407 1077 2438 etiam
1108 2407 1247 2445 673-80,
1279 2406 1440 2438 Maneth.
1474 2415 1519 2437 111
1554 2407 1616 2439 361
1656 2417 1705 2448 sq.

164 2459 326 2498 τρίγωνοι,
346 2482 354 2489 .
375 2482 382 2489 .
403 2482 411 2490 .
431 2459 503 2489 τόδε
536 2459 672 2496 πάμπαν
704 2460 833 2499 ἄριστον
855 2457 859 2500 Ι
879 2460 992 2498 σχῆμα
1023 2459 1136 2490 πέλειε
1175 2468 1215 2489 ac
1247 2462 1365 2489 tamen
1394 2457 1550 2489 eiusdem
1580 2458 1711 2500 trigoni

167 2509 275 2550 signis
306 2509 454 2551 Virgine
484 2513 521 2541 et
551 2510 764 2551 Capricorno
794 2510 870 2541 nati
901 2520 937 2541 se
964 2514 1087 2541 mutuo
1112 2509 1263 2541 oderunt
1294 2518 1323 2540 11
1353 2509 1418 2541 552
1444 2520 1494 2551 sq.
1522 2512 1559 2541 et
1588 2510 1707 2542 561-3.

167 2561 306 2601 trigona
336 2564 455 2592 autem
487 2565 528 2592 ut
559 2561 665 2592 semel
696 2570 725 2592 11
756 2561 821 2592 282
851 2560 1028 2601 triam-(sula
1055 2561 1106 2592 ita
1132 2560 1189 2592 hic
1216 2560 1321 2592 semel
1348 2560 1517 2602 triquetra
1541 2560 1710 2593 Manilius

169 2611 380 2653 appellauit:
406 2612 455 2643 510
472 2612 682 2653 quinquiens
699 2611 835 2643 Plinius
852 2613 887 2643 in
904 2611 993 2644 libro
1009 2611 1174 2650 seeundo,
1193 2611 1328 2644 Gellius
1344 2621 1374 2643 11
1389 2612 1430 2643 ‘21
1450 2613 1491 2644 10
1505 2612 1579 2644 siue
1591 2613 1710 2654 potius

167 2662 283 2694 Varro
311 2662 457 2704 trissoua,
484 2663 521 2695 id
541 2668 585 2695 esc
611 2663 795 2702 triquetra-3
809 2663 958 2704 fiyuras.
1006 2668 1164 2705 puqnaut
1181 2663 1391 2704 suqiwchue
1417 2663 1574 2703 uicissim,
1592 2674 1709 2695 secum

165 2717 323 2756 puguant
355 2724 498 2756 seseque
528 2714 680 2746 inuicem
711 2715 854 2756 fugiunt
940 2714 1004 2746 477
1035 2715 1195 2754 aliorum,
1223 2715 1322 2746 uelut
1346 2715 1480 2746 Arietis
1504 2718 1541 2747 et
1570 2714 1708 2754 Librae,

167 2766 290 2804 oculos,
321 2765 482 2804 aliorum,
509 2765 608 2797 uelut
639 2766 765 2798 Cancri
795 2769 831 2797 et
858 2765 1075 2808 Capricorni,
1104 2777 1205 2798 aures
1231 2766 1324 2798 inter
1354 2777 1390 2798 50
1421 2765 1558 2798 contulit
1645 2766 1710 2798 479

167 2820 313 2855 possent
329 2820 364 2856 G,
384 2819 523 2855 possint
538 2820 597 2849 Lm
685 2817 871 2858 audireque
888 2817 988 2849 Luer.
1010 2827 1024 2849 1
1042 2818 1104 2849 134
1122 2817 1319 2859 similiaque
1335 2817 1429 2859 apud
1451 2817 1599 2850 eundem
1615 2818 1710 2850 haud

167 2878 258 2908 raro,
276 2868 457 2910 uidereque
473 2868 581 2901 Culic.
603 2869 678 2908 305,
697 2879 860 2910 saepeque
884 2869 960 2901 Tib.
982 2878 995 2901 1
1020 2870 1039 2901 8
1065 2870 1116 2908 10,
1136 2869 1266 2911 taleque
1290 2869 1393 2911 Prop.
1414 2878 1443 2901 11
1461 2870 1501 2901 14
1519 2869 1573 2908 26,
1592 2869 1710 2912 qualia

923 2923 952 2950 D
