1931 3202
207 125 262 163 46
807 124 867 166 M.
901 123 1151 166 MANILII

380 238 614 277 uenantem
638 235 782 277 Diana
805 236 963 284 uirum,
983 234 1059 276 sed
1081 235 1220 290 partis
1242 235 1438 290 equinae,

255 318 319 349 445
377 313 510 365 atque
532 313 722 365 angusta
744 309 867 350 fouet
889 308 1144 364 Capricorni
1167 308 1310 350 sidera
1332 309 1490 358 Vesta;

380 398 402 424 e
426 383 544 425 Iouis
565 383 750 425 aduerso
772 383 956 424 Iunonis
977 383 1200 438 Aquarius
1221 386 1389 424 astrum
1412 386 1478 424 est

380 458 664 513 agnoscitque
686 471 786 498 suos
808 457 1045 512 Neptunus
1067 457 1113 497 in
1135 457 1311 498 aethere
1336 457 1488 498 Pisces.

381 531 482 572 hinc
504 546 676 587 quoque
698 546 859 587 magna
881 530 964 572 tibi
987 531 1167 572 uenient
1188 534 1410 572 momenta
1432 530 1586 581 futuri,

381 620 478 647 cum
500 606 614 647 ratio
635 608 713 647 tua
734 620 812 661 per
831 605 981 646 stellas
1003 608 1046 646 et
1067 604 1211 646 sidera
1232 611 1379 647 curret

256 688 322 720 450
379 683 642 735 argumenta
662 683 816 735 petens
837 680 956 721 omni
978 679 1031 720 de
1052 684 1177 735 parte
1199 679 1381 735 uiasque

381 754 500 802 artis,
522 757 572 795 ut
592 754 770 809 ingenio
791 753 944 794 diuina
966 753 1166 809 potentia
1182 757 1336 809 surgat

381 831 714 883 exaequentque
736 827 865 869 fidem
888 828 1006 869 caelo
1028 827 1231 868 mortalia
1253 827 1392 869 corda.

207 1035 379 1064 mauortis
406 1036 490 1065 GLM
592 1033 657 1065 444
683 1035 819 1066 ‘uirum
847 1033 1001 1076 quidem,
1028 1033 1089 1065 sed
1117 1033 1177 1075 qui
1201 1033 1313 1065 altera
1337 1038 1437 1075 parte
1465 1035 1519 1065 sui
1546 1044 1656 1076 equus
1687 1034 1753 1066 sit'

210 1083 363 1125 Scaliger
450 1085 513 1116 445
538 1090 695 1128 angusta.
721 1089 781 1124 GL,
807 1089 963 1123 augusta
990 1089 1045 1117 M:
1079 1094 1092 1116 1
1114 1086 1175 1119 ‘271
1201 1090 1344 1125 angusto
1369 1086 1511 1123 (iterum
1538 1090 1681 1125 anyusto
1707 1089 1754 1125 M)

211 1134 443 1175 Capricornus
466 1137 572 1169 sidere
587 1137 712 1178 flexu-5.
772 1146 810 1168 1v
833 1138 898 1169 243
928 1138 1024 1168 Vesta
1047 1142 1132 1175 tuos,
1161 1136 1382 1177 Capricorne,
1403 1137 1502 1178 fouet
1527 1137 1757 1177 penetralibus

209 1186 300 1227 {qne-9
386 1187 451 1218 446
475 1198 493 1220 e
519 1188 684 1231 Scaliger,
711 1192 748 1220 et
772 1189 866 1227 libri,
892 1199 962 1230 quo
987 1193 1126 1220 retento
1150 1188 1370 1220 Cartaultius
1393 1189 1429 1220 in
1454 1188 1574 1220 Rex-ue
1598 1188 1757 1230 Critique

208 1248 262 1269 an.
286 1239 370 1271 1892
385 1239 468 1271 fasc.
484 1240 526 1272 28
543 1251 576 1282 p.
592 1241 633 1274 27
651 1240 799 1272 fortasse
816 1251 884 1271 non
902 1241 1017 1271 minus
1033 1239 1264 1282 probabiliter
1280 1245 1411 1271 astrum
1427 1240 1462 1271 in
1480 1245 1573 1272 astro
1589 1241 1754 1278 mutauit,

208 1292 250 1321 ut
279 1290 376 1322 Iouis
405 1292 551 1323 aduerso
582 1297 675 1324 astro
706 1296 798 1323 esset
828 1296 960 1323 astrum
987 1291 1083 1323 Iouis
1114 1291 1293 1330 (Leonem)
1320 1292 1505 1323 aduersum
1535 1291 1668 1324 habens.
1718 1302 1758 1323 ex

210 1341 356 1374 aduerso
387 1353 465 1374 cum
497 1344 660 1385 genetiuo
691 1343 797 1375 semel
830 1343 1028 1382 Vitruuius,
1062 1344 1200 1384 saepius
1232 1343 1367 1374 Plinius
1399 1343 1526 1385 posuit.
1587 1343 1757 1375 librorum

209 1393 420 1435 scripturam
451 1398 639 1426 seruarunt
666 1395 815 1426 Iacobus
842 1400 878 1426 et
905 1394 1098 1433 Breiterus,
1125 1400 1298 1426 seruasset
1327 1395 1491 1436 Scaliger,
1518 1395 1548 1426 si
1575 1395 1758 1427 didicisset

209 1444 356 1477 aduerso
373 1445 505 1488 duplici
523 1446 625 1478 modo
641 1447 809 1488 explicari
826 1457 936 1488 posse,
958 1451 998 1477 ut
1015 1451 1076 1477 aut
1097 1446 1213 1478 animo
1230 1446 1342 1478 hoste'li
1357 1446 1569 1488 significaret
1585 1452 1647 1478 aut
1665 1446 1757 1478 idem

211 1496 347 1528 ualeret
369 1498 463 1539 quod
488 1508 528 1529 ex
552 1498 698 1530 aduerso
786 1498 849 1528 447
873 1501 1017 1529 aethere
1041 1497 1210 1530 Columna
1235 1498 1341 1529 Ennii
1367 1499 1422 1529 sui
1448 1509 1480 1540 p.
1504 1499 1577 1536 265,
1605 1507 1759 1536 aequore

211 1547 304 1586 libri,
323 1549 418 1590 quod
436 1549 624 1582 Stoeberus
641 1560 676 1581 se
694 1549 800 1590 digna
817 1550 1109 1591 interpretatione
1126 1549 1297 1587 defendit,
1321 1552 1328 1565 ‘
1340 1549 1540 1591 Neptunus,
1559 1551 1594 1581 in
1610 1560 1759 1591 aequore

213 1599 377 1638 existens,
405 1601 564 1641 agnoscit
587 1602 699 1643 pisces
722 1601 905 1632 aethereos
928 1601 1033 1632 suos.’
1079 1601 1164 1632 haec
1191 1601 1260 1632 duo
1284 1602 1424 1632 nomina
1446 1602 1576 1642 passim
1603 1602 1696 1632 inter
1722 1612 1758 1633 se

212 1655 409 1690 mutantur,
434 1653 531 1684 uelut
550 1653 655 1694 Vei-g.
677 1652 754 1684 buc.
776 1662 789 1683 1
805 1653 858 1689 59,
876 1652 978 1684 Ouid.
999 1658 1082 1683 met.
1103 1662 1143 1683 1v
1158 1653 1233 1690 023,
1253 1652 1333 1684 fast.
1355 1662 1367 1684 1
1384 1654 1459 1691 455,
1478 1661 1507 1684 11
1524 1654 1599 1692 458,
1618 1662 1664 1684 111
1680 1654 1756 1692 416,

213 1702 290 1734 Sen.
319 1703 364 1735 H.
380 1703 403 1735 f.
426 1704 499 1736 928.
552 1705 734 1745 ‘quamuis
762 1705 797 1735 in
826 1704 921 1735 caelo
949 1710 1042 1742 sunt,
1070 1708 1189 1735 tamen
1218 1710 1257 1735 ut
1284 1715 1364 1735 suos
1391 1704 1554 1736 dominus
1580 1704 1759 1746 agnoscit’

212 1753 412 1787 Bentleius:
431 1755 513 1787 uide
526 1755 624 1787 anth.
639 1755 716 1787 Lat.
732 1755 825 1787 Ries.
839 1756 903 1787 619
916 1757 936 1787 6
948 1755 1136 1796 [seminique
1148 1756 1207 1787 snb
1219 1755 1351 1787 aethere
1365 1756 1478 1787 Pis-ces
1558 1755 1622 1786 448
1645 1758 1760 1788 futuri

212 1808 284 1844 GM,
302 1809 426 1838 futura
441 1810 473 1839 L.
524 1807 600 1839 Liu.
618 1816 663 1838 111
683 1808 722 1838 12
739 1808 758 1839 6
776 1807 929 1838 iuuenem
946 1807 1116 1847 eyregyium
1135 1832 1141 1839 .
1163 1832 1170 1838 .
1191 1832 1198 1838 .
1218 1807 1409 1838 maximnm
1425 1812 1628 1839 momentum
1644 1818 1759 1839 rerum

296 1857 361 1888 449
377 1867 441 1897 per
452 1859 488 1890 F.
500 1858 636 1897 Iunius,
650 1862 704 1890 fer
713 1862 747 1897 L,
760 1862 832 1890 fers
842 1862 887 1897 M,
900 1862 971 1890 fert
981 1858 1044 1890 GL2
1110 1862 1228 1890 curret
1237 1861 1305 1897 Lm,
1316 1862 1418 1890 curat
1427 1858 1490 1890 GL2'
1553 1858 1619 1889 450
1634 1863 1759 1897 petens

212 1919 407 1950 anonymus
436 1910 502 1942 ΕΠ.
530 1916 623 1941 noct.
652 1910 747 1942 Man.
779 1921 812 1952 p.
835 1911 899 1941 213
927 1915 962 1941 et
989 1910 1026 1942 F.
1058 1909 1193 1948 Iunius,
1224 1913 1324 1948 petes
1350 1909 1432 1941 libri
1459 1911 1617 1942 oratione
1644 1911 1759 1942 miuus

211 1961 401 1999 commoda,
423 1972 501 1993 cum
521 1962 570 1993 sic
592 1966 672 2003 post
688 1972 720 1992 u.
741 1963 805 1993 448
826 1962 1028 2003 requiratur
1049 1961 1148 1992 uelut
1169 1971 1325 2002 namque.
1375 1972 1487 2003 neque
1508 1967 1581 1993 tam
1600 1963 1695 1994 omni
1717 1962 1761 1994 de

212 2016 313 2053 parte
325 2017 531 2054 argumenta
541 2013 695 2054 petitum
707 2013 750 2044 iri
761 2012 947 2044 dicendum
961 2016 1036 2044 erat
1047 2023 1163 2054 quam,
1179 2023 1257 2044 cum
1270 2014 1364 2044 omni
1375 2013 1417 2045 de
1429 2019 1529 2055 parte
1540 2018 1756 2056 peterentur,

212 2074 253 2095 ex
266 2063 330 2095 hac
342 2074 480 2106 quoque
493 2065 685 2096 tutelarum
700 2064 863 2096 doctrina
876 2075 1001 2106 magna
1012 2064 1125 2096 futuri
1136 2070 1286 2096 uentura
1299 2070 1475 2097 momenta
1551 2065 1614 2095 451
1638 2067 1762 2097 diuina

214 2114 496 2155 Bonincontrius,
514 2118 631 2147 diuisa
643 2115 737 2154 libri,
755 2119 763 2132 ⁴
776 2116 840 2147 hoc
853 2120 906 2147 est
918 2115 1094 2147 attributa
1106 2116 1112 2129 ²
1129 2116 1245 2157 inquit
1258 2116 1463 2155 Bechertus,
1479 2121 1600 2148 contra
1613 2116 1761 2148 Iacobus

215 2166 272 2198 ‘id
295 2171 350 2198 est
373 2168 461 2199 artis
485 2167 622 2209 ingenio
647 2167 825 2209 descripta
849 2168 1035 2209 potentia,⁷
1058 2178 1207 2209 quorum
1230 2173 1396 2199 neutrum
1419 2175 1481 2200 aut
1505 2168 1564 2199 illo
1592 2168 1761 2200 uocabulo

212 2217 401 2260 significari
417 2225 492 2258 aut,
511 2219 541 2250 si
557 2218 827 2261 significaretur,
847 2219 912 2250 hoc
928 2219 1003 2250 loco
1025 2219 1108 2250 ferri
1129 2220 1257 2260 potuit.
1307 2222 1474 2261 petentur
1489 2220 1584 2251 omni
1600 2219 1644 2251 de
1659 2225 1762 2261 parte

212 2274 420 2312 argumenta
443 2273 479 2302 et
503 2271 590 2302 artis
613 2271 690 2302 uiae
711 2271 784 2302 siue
805 2272 932 2309 μέθοὸοι
954 2272 1013 2309 (111
1030 2272 1071 2302 45
1087 2276 1196 2302 certas
1216 2271 1271 2302 det
1292 2270 1327 2302 in
1349 2276 1422 2302 arte
1444 2271 1544 2310 uias),
1565 2277 1605 2303 ut
1620 2271 1762 2313 ingenio

212 2324 274 2353 tuo
299 2321 451 2354 humano
480 2322 584 2361 (dat.)
608 2322 730 2354 diuina
756 2326 877 2364 surgat
905 2322 1078 2361 (exsistat,
1106 2326 1146 2353 ut
1170 2331 1199 2353 11
1224 2322 1301 2360 412)
1326 2323 1487 2364 potentia
1511 2327 1761 2364 eoeaequentque

201 2371 312 2412 fidem
338 2374 430 2405 caelo
456 2373 621 2405 mortalia
646 2373 762 2412 corda,
787 2373 824 2405 id
851 2379 905 2404 est
928 2384 998 2404 non
1022 2373 1136 2405 minus
1159 2374 1299 2405 ueracia
1322 2373 1476 2405 euadant
1499 2385 1602 2416 quam
1626 2374 1760 2406 caelum

211 2424 337 2465 ipsum.
386 2430 535 2466 apparet
555 2435 738 2467 perperam
760 2424 973 2463 Bentlefflm,
993 2435 1070 2456 cum
1093 2424 1195 2457 Ouid.
1216 2428 1298 2456 met.
1319 2434 1390 2456 x'111
1409 2426 1470 2457 159
1486 2425 1620 2466 inqenio
1631 2425 1761 2466 fabrae

212 2475 444 2508 celeberrimus
471 2476 558 2508 arcis
585 2476 739 2518 legisset,
763 2479 902 2508 mutata
929 2476 1117 2508 uerborum
1144 2476 1372 2508 distinctione
1399 2477 1578 2519 scripsisse
1605 2476 1698 2509 omni
1720 2477 1761 2509 de

207 2532 310 2567 parce
333 2529 469 2569 uiaque,
492 2526 496 2569 Ι
518 2528 605 2559 arci-3
627 2532 664 2559 ut
688 2528 822 2568 inqenio
845 2530 911 2559 etc.
1003 2527 1068 2558 452
1089 2531 1356 2566 exaequentque
1378 2527 1452 2566 (ΗΡ,
1478 2537 1566 2560 exen
1588 2537 1681 2567 quen
1703 2531 1762 2560 Lm

299 2578 448 2610 453-465
473 2582 593 2620 partes
619 2580 775 2621 corporis
802 2579 948 2610 humani
977 2579 1125 2620 singulis
1151 2579 1261 2620 signis
1288 2578 1493 2612 attributae.
1543 2579 1664 2612 eadem
1687 2579 1760 2611 fere

213 2629 405 2661 traduntur
440 2630 538 2662 Paul.
575 2630 676 2662 Alex.
716 2632 747 2662 A
781 2630 876 2663 3—13
911 2637 947 2662 et
982 2630 1010 2661 B
1043 2631 1075 2668 3,
1111 2630 1207 2663 Sext.
1244 2641 1333 2672 emp.
1375 2633 1459 2671 πρὸσ
1491 2633 1581 2672 ἀστρ.
1618 2632 1657 2663 21
1691 2641 1757 2673 sq„

212 2681 327 2723 Heph.
355 2681 463 2713 Theb.
490 2690 503 2713 1
528 2683 542 2713 l
569 2692 628 2723 pp.
655 2682 776 2720 47-65‚
796 2681 894 2713 Vett.
919 2681 995 2713 val.
1021 2690 1050 2713 11
1073 2683 1115 2714 36
1139 2692 1198 2724 pp.
1226 2683 1365 2721 109-11,
1389 2682 1569 2715 C.O.A.G.
1591 2691 1615 2714 v
1635 2683 1674 2714 iii
1697 2693 1756 2725 pp.

215 2732 275 2764 128
300 2743 366 2774 sq„
385 2741 425 2764 VI
449 2743 481 2774 p.
514 2734 567 2771 83,
597 2733 673 2765 cod.
703 2733 782 2765 Par.
812 2733 899 2765 2426
926 2733 962 2764 iu
987 2732 1134 2764 Maassii
1157 2733 1248 2764 anal.
1278 2733 1459 2765 Eratosth.
1486 2744 1519 2776 p.
1550 2735 1623 2773 141,
1650 2734 1756 2766 Firm.

213 2792 243 2815 11
261 2783 316 2822 24,
337 2784 406 2816 nisi
429 2784 524 2826 quod
551 2785 680 2817 Sextus
707 2784 826 2816 clunes
854 2784 1007 2826 Virgini,
1037 2783 1164 2816 Librae
1190 2784 1262 2823 ilia,
1297 2784 1515 2826 Hephaestio
1542 2785 1655 2818 latera
1681 2796 1761 2817 cum

212 2839 354 2876 pectore
390 2835 536 2874 Cancro,
571 2835 681 2867 Leoni
715 2846 785 2874 cor,
827 2835 996 2867 Firmicus
1031 2846 1090 2867 eor
1125 2834 1272 2874 Cancro,
1305 2842 1430 2878 pectus
1466 2836 1574 2868 Leoni
1608 2836 1760 2875 tribuit;

210 2885 355 2918 confusa
385 2890 421 2918 et
447 2886 515 2918 sibi
546 2888 781 2929 repugnantia.
812 2887 979 2929 leguntur
1012 2886 1139 2928 Porph.
1170 2887 1255 2929 isag.
1282 2897 1315 2929 p.
1346 2888 1406 2920 198
1434 2892 1469 2919 et
1498 2886 1676 2921 C.C.A.G.
1704 2896 1760 2920 vn
