1931 3202
245 147 299 186 66
839 139 901 181 Μ.
934 137 1184 180 MANILII

417 258 461 296 et
482 254 551 296 fas
571 257 703 310 atque
726 251 851 294 nefas
872 252 1073 298 mixtum,
1096 251 1298 306 legesque
1320 264 1398 306 per
1419 250 1535 306 ipsas

415 328 557 370 saeuit
577 327 817 383 nequities;
848 339 1010 382 poenas
1031 325 1118 366 iam
1140 324 1274 366 noxia
1294 324 1443 366 uincit.

414 402 590 449 scilicet,
612 401 658 442 in
679 399 831 442 multis
853 398 1060 454 quoniam
1081 397 1299 440 discordia
1319 397 1458 453 signis

414 489 596 531 corpora
616 477 868 522 nascuntur,
889 487 977 528 pax
999 476 1065 514 est
1085 471 1260 514 sublata
1281 486 1357 528 per
1379 470 1538 518 orbem,

291 557 355 590 605
414 552 459 590 et
479 548 580 590 fidei
602 561 749 589 rarum
771 546 926 588 foedus
947 546 1185 602 paucisque
1206 545 1435 593 tributum,

415 626 551 678 utque
573 621 656 664 sibi
676 621 844 664 caelum
867 620 928 662 sic
949 619 1080 661 tellus
1101 619 1284 661 dissidet
1303 619 1398 675 ipsa

415 699 548 752 atque
570 696 797 738 hominum
819 697 973 750 gentes
994 693 1172 736 inimica
1193 697 1309 735 sorte
1335 692 1550 734 feruntur.

471 771 508 811 si
529 772 677 811 tamen
698 773 743 811 et
762 771 950 824 cognata
971 768 1093 824 cupis
1114 767 1337 809 dinoscere
1358 767 1496 822 signa,

415 858 525 899 quae
547 843 736 899 iungant
757 842 926 884 animos
947 845 991 883 et
1011 841 1151 883 amica
1172 843 1288 883 sorte
1310 840 1524 889 ferantur,

293 927 358 960 610
416 917 621 973 Lanigeri
642 920 797 973 partus
819 931 916 958 cum
938 919 1033 958 toto
1054 916 1188 971 iunge
1210 915 1395 971 trigono.

414 991 654 1047 simplicior
674 993 822 1032 tamen
845 994 910 1032 est
933 990 1071 1038 Aries,
1092 989 1334 1044 meliusque
1356 988 1499 1030 Leone

415 1065 696 1122 prosequitur
716 1064 889 1121 genitos
910 1067 954 1106 et
974 1067 1030 1111 te,
1053 1063 1284 1112 Centaure,
1305 1066 1473 1105 creatos

415 1154 546 1195 quam
567 1139 738 1181 colitur.
798 1153 988 1194 namque
1009 1141 1076 1180 est
1096 1141 1258 1179 natura
1279 1137 1431 1178 mitius
1453 1140 1620 1178 astrum

416 1214 751 1270 expositumque
772 1227 876 1254 suae
898 1227 1051 1261 noxae,
1072 1226 1150 1253 nec
1172 1210 1404 1253 fraudibus
1424 1211 1538 1259 ullis,

293 1298 356 1330 615
416 1302 494 1330 nec
515 1288 660 1329 minus
681 1287 860 1343 ingenio
881 1286 1002 1328 molli
1025 1300 1157 1342 quam
1179 1300 1357 1341 corpore
1379 1288 1608 1327 constans:

416 1362 502 1404 illis
524 1365 591 1404 est
611 1361 767 1404 feritas
787 1361 925 1417 signis
947 1360 1222 1417 praedaeque
1243 1360 1414 1416 cupido,

417 1436 671 1492 uenalisque
694 1435 868 1477 animus
889 1449 977 1477 non
999 1449 1241 1490 numquam
1264 1433 1470 1475 excedere
1492 1434 1609 1488 cogit

417 1509 727 1552 commoditate
748 1509 891 1559 fidem,
913 1523 991 1551 nec
1013 1509 1146 1563 longa
1167 1511 1234 1551 est
1255 1508 1401 1564 gratia
1421 1507 1539 1550 facti.

247 1661 287 1692 16
325 1659 345 1694 7
382 1665 475 1692 terra
504 1659 613 1701 ferax
654 1658 785 1691 Cereris
817 1659 987 1700 multoque
1015 1657 1174 1698 feracior
1211 1656 1289 1689 uuis
1376 1656 1439 1688 601
1477 1657 1561 1697 ἰεῃεε
1594 1667 1659 1697 per
1696 1656 1792 1698 ipsas

184 1737 190 1744 ,
246 1711 367 1750 saeuit,
402 1712 487 1753 ipsis
522 1711 657 1753 legibus
694 1710 739 1742 ad
774 1710 958 1742 saeuitiam
997 1709 1181 1741 abutitur:
1220 1714 1314 1740 recte
1347 1707 1540 1749 Pingraeus
1627 1707 1692 1738 604
1721 1717 1793 1747 pax

247 1766 304 1795 est
339 1762 651 1804 Regiomontanus,
684 1771 769 1800 pars
805 1765 842 1794 et
876 1761 957 1793 libri
1045 1760 1108 1792 605
1139 1763 1261 1799 paucis
1292 1759 1367 1792 cod.
1401 1759 1495 1791 Flor.
1529 1762 1565 1791 et
1595 1759 1789 1798 Bentkeius,

246 1816 345 1853 pacis
367 1817 451 1846 GLM
530 1813 620 1854 fidei
649 1824 713 1855 pro
739 1817 930 1855 anapaesto
960 1813 1094 1854 primus
1121 1822 1241 1844 eorum
1267 1822 1415 1853 quorum
1440 1810 1572 1853 scripta
1603 1815 1791 1853 supersunt

249 1865 418 1897 Manilius
449 1866 579 1907 posuit,
609 1868 664 1896 ter
688 1865 854 1906 genetiuo
876 1874 969 1902 casu,
999 1872 1027 1895 11
1055 1864 1130 1903 605,
1158 1863 1232 1902 630,
1260 1863 1336 1901 955,
1364 1862 1471 1894 semel
1492 1862 1615 1894 datiuo
1642 1870 1687 1894 111
1716 1863 1789 1897 107.

247 1916 419 1949 Horatius
436 1919 472 1949 et
488 1915 636 1949 Ouidius
642 1915 717 1956 fide
734 1915 899 1948 dicebant
913 1927 921 1954 ;
937 1915 1026 1957 fidei
1045 1918 1127 1957 post
1147 1914 1351 1946 Lucretium
1371 1924 1441 1946 non
1461 1913 1642 1946 inuenitur
1729 1913 1793 1945 606

248 1971 290 2000 ut
320 1969 434 2010 ipsum
469 1967 537 1999 sibi
570 1967 715 2006 caelum,
750 1968 800 1999 sic
830 1967 907 2009 ipsa
938 1966 1006 1998 sibi
1036 1966 1142 1998 tellus
1174 1965 1333 1997 dissidet.
1396 1975 1580 2007 perperam
1612 1964 1794 1997 Bentleius

249 2019 319 2060 ipsi
405 2019 469 2051 607
486 2019 530 2050 de
538 2019 707 2060 seruntur
723 2018 805 2050 uide
820 2018 865 2050 ad
883 2027 913 2050 11
928 2019 989 2050 188
1001 2017 1173 2050 adnotata
1258 2016 1409 2047 608—640
1423 2017 1602 2059 signorum
1617 2016 1794 2048 amicitiae

336 2070 488 2102 elo-624
510 2070 613 2112 primi
639 2071 770 2112 trigoni
793 2070 892 2112 signa
988 2068 1052 2101 610
1074 2071 1226 2107 lanigeri
1248 2068 1322 2107 (ΠΡ,
1347 2070 1547 2107 lanigerum
1569 2070 1627 2100 Lm

292 2121 356 2154 612
371 2121 435 2153 613
465 2122 599 2164 primus
636 2124 732 2154 recte
770 2121 936 2153 distinxit
974 2125 1010 2153 et
1052 2121 1308 2162 interpretatus
1346 2123 1400 2151 est
1438 2119 1628 2151 Bentleius.
1693 2120 1794 2152 Aries

250 2173 373 2205 melius
394 2174 620 2215 prosequitur
641 2173 795 2215 colitque
811 2173 938 2204 Leonis
959 2172 1211 2214 Sagittariique
1234 2175 1359 2213 partus
1379 2181 1484 2213 quarn
1504 2170 1549 2202 ab
1569 2172 1620 2202 eis
1639 2171 1795 2203 uicissim

250 2224 379 2257 colitur
459 2224 524 2256 614
546 2225 735 2266 expositum
747 2235 828 2256 suae
841 2234 960 2262 nomae,
977 2224 1125 2255 iniuriae
1138 2223 1205 2255 sibi
1218 2223 1350 2255 inlatae
1364 2235 1371 2254 :
1397 2222 1552 2264 Scaliger
1566 2222 1692 2254 attulit
1708 2222 1790 2255 Sall.

251 2275 327 2318 Iug.
347 2276 391 2308 20
411 2276 433 2307 2
455 2277 597 2318 quietus,
623 2275 766 2314 inbellis,
786 2275 927 2317 placido
951 2275 1097 2315 iwyenio,
1123 2279 1376 2316 opportunus
1398 2273 1590 2305 iniuriae.
1639 2278 1794 2306 ceterum

251 2327 403 2360 Breiteri
425 2338 530 2360 causa
553 2327 795 2359 adnotandum
819 2330 873 2359 est
886 2326 1078 2367 fraudibus
1099 2326 1189 2365 ullis,
1208 2326 1300 2357 sicut
1320 2325 1415 2367 apud
1436 2325 1643 2358 Sallustium
1655 2325 1797 2366 placido

251 2378 395 2420 iuqenio,
425 2378 622 2410 ablatiuum
650 2389 724 2411 esse
752 2389 855 2420 quem
886 2377 1010 2410 dicunt
1040 2378 1236 2420 qualitatis,
1266 2377 1493 2418 Arietemque
1520 2377 1631 2408 omnis
1661 2375 1796 2409 fraudis

251 2433 430 2472 expertem
454 2430 648 2472 praedicari
745 2430 807 2461 615
831 2433 998 2462 constans
1021 2429 1215 2467 Bentleius,
1241 2432 1406 2461 constant
1429 2431 1525 2467 GLM,
1547 2431 1690 2460 constat
1715 2427 1790 2460 cod.

251 2481 342 2514 Flor.
435 2491 498 2523 pro
525 2492 664 2522 corpore
692 2481 784 2513 idem
812 2481 994 2513 Bentleius
1020 2481 1152 2519 uellere,
1183 2479 1277 2522 quod
1303 2484 1358 2511 est
1385 2490 1468 2511 sane
1498 2479 1593 2511 molli
1617 2479 1796 2511 adiectiuo

251 2532 568 2571 accommodatius;
592 2543 805 2574 quamquam
828 2533 985 2564 faciliore
1009 2532 1205 2564 mutatione
1228 2531 1440 2563 scriberetur
1462 2535 1602 2571 terqore,
1623 2535 1664 2562 ut
1687 2530 1789 2573 Prop.

250 2592 279 2616 11
295 2584 338 2617 26
353 2585 374 2616 6
390 2594 497 2616 aurea
514 2594 618 2625 quam
640 2584 753 2616 molli
776 2588 934 2625 ceryore
958 2583 1050 2615 uexit
1066 2583 1150 2622 ouis,
1170 2593 1272 2625 quem
1291 2593 1431 2614 uersum
1448 2582 1616 2614 Manilius
1634 2582 1793 2614 imitatus

250 2635 394 2667 uidetur
431 2644 470 2666 lv
501 2636 607 2669 514-’7
643 2635 820 2675 Lanisyer.
842 2660 849 2667 .
871 2660 878 2668 .
900 2635 1073 2667 Phi-irum
1090 2659 1098 2666 .
1120 2659 1127 2666 .
1149 2659 1156 2666 .
1177 2639 1333 2675 tergore
1372 2633 1492 2665 uexit.
1556 2633 1618 2665 sed
1655 2643 1793 2675 corpore

250 2687 435 2728 requirunt
461 2697 571 2728 paene
598 2690 634 2718 et
661 2687 860 2728 oppositum
889 2686 1019 2728 ingenii
1046 2696 1171 2717 nomen
1200 2688 1237 2718 et
1262 2685 1447 2717 constandi
1478 2684 1647 2723 uerbum;
1682 2694 1794 2726 neque

251 2738 343 2769 enim
365 2737 444 2769 lana
466 2738 568 2769 Aries
589 2742 729 2770 constat
816 2737 879 2769 617
896 2737 958 2768 618
983 2737 1077 2779 cogit
1099 2748 1156 2769 eos
1179 2737 1349 2769 commodi
1371 2740 1407 2768 et
1429 2736 1598 2768 utilitatis
1619 2746 1724 2768 causa
1740 2737 1794 2768 ius

251 2788 446 2820 honestatis
470 2789 629 2830 migrare.
679 2799 760 2820 nam
783 2788 877 2830 quod
901 2788 1082 2820 Bentleius
1105 2789 1260 2820 excedere
1275 2788 1384 2829 fidem
1409 2788 1534 2819 Latine
1557 2787 1628 2819 dici
1651 2787 1795 2829 negauit

251 2840 320 2871 nisi
346 2839 389 2872 de
417 2850 456 2872 eo
483 2839 576 2881 quod
604 2841 716 2871 maius
742 2844 835 2872 esset
861 2850 966 2881 quam
994 2844 1034 2871 ut
1061 2839 1156 2872 credi
1183 2845 1312 2881 posset,
1339 2849 1409 2870 non
1435 2839 1523 2871 satis
1549 2839 1704 2880 respexit
1731 2843 1793 2870 aut

252 2891 447 2923 naturalem
477 2890 661 2923 uerborum
689 2892 762 2923 uim
789 2895 825 2923 et
851 2891 1064 2933 multiplices
1092 2894 1286 2933 potestates
1311 2894 1374 2922 aut
1399 2890 1466 2922 alia
1493 2890 1652 2932 exempla
1679 2889 1792 2921 diuer-
