1931 3202
678 107 1164 152 ASTRONOMICON
1204 107 1254 150 Π
1684 111 1738 151 85

369 225 465 264 tum
487 220 721 263 coniuncta
742 221 832 262 suis
854 220 1074 263 formatur
1093 219 1266 276 syllaba
1287 219 1425 269 nodis,

369 295 472 337 hinc
492 294 616 336 uerbi
638 297 862 336 structura
883 294 1007 337 uenit
1027 309 1106 351 per
1127 294 1323 337 membra
1344 293 1529 350 legendi,

367 373 474 411 tunc
495 384 640 410 rerum
662 369 779 411 uires
800 373 933 424 atque
954 369 1063 411 artis
1084 369 1278 411 traditur
1298 383 1403 410 usus

244 451 309 487 760
367 457 532 499 perque
552 442 685 498 pedes
705 443 905 499 proprios
925 443 1152 485 nascentia
1172 443 1367 485 carmina
1388 445 1589 498 surgunt,

365 517 625 572 singulaque
647 517 693 557 in
713 531 929 558 summam
950 517 1129 573 prodest
1148 516 1351 559 didicisse
1371 516 1519 573 priora

364 591 496 646 (quae
517 590 603 632 nisi
624 591 903 633 constiterint
924 591 1078 647 primis
1099 590 1289 633 fundata
1309 590 1546 640 elementis,

242 674 307 709 764
365 665 525 707 ecfluat
545 665 592 706 in
612 680 778 706 uanum
799 680 945 707 rerum
966 668 1275 721 praeposterus
1295 666 1402 707 ordo

242 748 306 784 763
364 753 578 795 uersaque
600 754 711 795 quae
732 754 915 796 propere
935 739 1138 781 dederint
1161 742 1394 796 praecepta
1414 739 1647 795 magistri),

189 909 452 951 coniunyitur
473 921 514 942 ac
538 910 707 952 quiddam
720 909 767 951 fit
789 921 907 949 uicum,
925 921 986 943 r.r.
1007 920 1052 942 111
1075 912 1096 942 4
1117 912 1137 944 3
1161 921 1202 943 ex
1224 911 1271 943 eis
1286 911 1378 943 tertii
1397 911 1529 953 qeneris
1544 911 1651 944 uoluit
1667 922 1731 944 esse

189 961 356 994 Lucullus
383 962 638 994 coniunctum
664 961 855 1000 auianum,
882 961 952 994 Cic.
973 962 1016 994 de
1044 962 1115 994 inu.
1136 972 1149 994 1
1179 964 1217 997 17
1241 962 1385 1004 simplex
1409 965 1540 1003 (causa)
1563 968 1619 1002 est,
1646 974 1733 1004 quae

189 1013 380 1045 absolutam
417 1013 454 1044 in
483 1024 516 1045 se
546 1013 689 1045 continet
729 1024 832 1045 unam
870 1014 1123 1054 quaestionem.
1145 1039 1152 1046 .
1175 1038 1182 1046 .
1197 1025 1208 1046 .·
1245 1014 1462 1047 coniuncta
1499 1025 1540 1047 ex
1572 1015 1733 1056 pluribus

188 1064 449 1106 quaestionibus,
477 1064 512 1096 in
535 1075 605 1106 qua
623 1065 732 1106 plura
756 1070 977 1104 quaeruntur,
996 1065 1040 1097 de
1063 1065 1121 1097 fin.
1141 1074 1171 1097 11
1198 1067 1240 1097 44
1263 1076 1339 1098 cum
1362 1066 1514 1107 Epicuro
1536 1071 1650 1098 autem
1673 1067 1732 1098 hoc

187 1116 266 1156 plus
295 1121 341 1148 est
371 1116 507 1156 neyotii,
541 1117 632 1157 quod
662 1127 677 1148 e
708 1116 841 1157 duplici
870 1127 987 1157 yenere
1017 1117 1206 1158 uoluptatis
1241 1117 1476 1150 coniunctus
1505 1123 1551 1150 est
1583 1118 1731 1157 (scilicet

188 1167 383 1209 Epicureus
413 1167 583 1200 bonorum
613 1167 731 1207 finis);
769 1179 790 1199 a
827 1167 954 1210 quibus
991 1169 1129 1200 ratione
1166 1179 1234 1200 non
1273 1169 1443 1201 differunt
1480 1180 1569 1211 quae
1602 1170 1732 1212 passim

188 1219 420 1251 inueniuntur
435 1219 625 1251 societatem
633 1219 761 1260 foedus
776 1219 919 1251 conubia
935 1219 1076 1260 nuptias
1096 1220 1170 1252 siue
1186 1220 1386 1261 coniuuyere
1401 1221 1476 1252 siue
1492 1221 1639 1262 iunyere.
1688 1221 1731 1253 de

187 1270 357 1302 miscendi
373 1270 482 1302 uerbo
494 1271 657 1302 similiter
668 1270 830 1302 adhibito
841 1270 917 1303 dixi
933 1271 978 1302 ad
995 1282 1027 1303 u.
1042 1272 1116 1306 749.
1165 1272 1403 1314 exemplorum
1416 1283 1521 1314 supra
1537 1273 1731 1315 positorum

188 1322 370 1354 Probstius
394 1322 430 1354 in
454 1322 542 1354 thes.
566 1322 649 1364 ling.
673 1322 751 1354 Lat.
774 1325 940 1364 quartum
964 1323 1133 1365 neglexit,
1159 1323 1293 1365 reliqua
1316 1324 1386 1355 tria
1408 1324 1506 1356 nullo
1530 1324 1731 1357 discrimine

187 1373 410 1405 alienissimis
434 1374 637 1413 immiscuit,
657 1373 700 1405 de
724 1373 979 1416 significatione
1003 1385 1175 1416 nusquam
1199 1376 1336 1407 monuit
1428 1376 1552 1407 ‘nodos
1574 1376 1731 1418 syllabae

186 1424 291 1464 dixit,
309 1435 379 1467 qua
394 1425 537 1457 notione
553 1425 731 1457 Ausonius
749 1426 826 1464 (413
842 1426 895 1464 38,
911 1425 1007 1468 Peip.
1024 1436 1057 1467 p.
1073 1426 1151 1465 272)
1168 1427 1336 1458 trinodem
1350 1427 1545 1468 dactylum'
1562 1427 1725 1470 Scaliger.

187 1476 257 1509 Cic.
288 1479 377 1508 orat.
406 1477 470 1508 222
500 1476 553 1508 his
570 1501 577 1509 .
599 1501 606 1509 .
627 1501 634 1509 .
655 1476 799 1517 sinyulis
829 1477 981 1509 uersibus
1012 1478 1196 1519 (quattuor
1225 1478 1314 1510 dicit
1345 1479 1495 1510 membra
1528 1489 1571 1510 ex
1601 1479 1729 1521 quibus

184 1530 322 1560 constet
351 1528 499 1560 ambitus
528 1528 602 1560 siue
632 1530 795 1569 περίοδοσ)
823 1529 924 1570 quasi
953 1528 1050 1560 nodi
1079 1534 1249 1570 apparent
1280 1530 1552 1569 continuationis,
1583 1541 1665 1572 quos
1695 1531 1730 1563 in

185 1579 315 1612 ambitu
333 1579 568 1620 coniunyimus
655 1579 719 1611 758
741 1583 823 1611 hinc
849 1579 896 1619 152,
920 1582 977 1611 hic
1000 1583 1084 1612 GLM
1171 1583 1272 1612 uerbi
1294 1580 1486 1621 Bentleius,
1506 1584 1625 1614 uerbis
1647 1582 1729 1615 libri

183 1641 293 1673 praue
308 1631 486 1672 geminata
501 1641 516 1661 s
532 1630 666 1669 littera,
685 1641 753 1672 quo
773 1634 913 1663 seruato
932 1631 1056 1663 Iunius
1078 1632 1208 1672 leqenti‚
1228 1632 1382 1664 Huetius
1405 1632 1542 1672 leqendo
1566 1633 1725 1666 coniecit.

184 1683 246 1724 qui
275 1681 449 1723 syllabam
480 1693 522 1714 ex
553 1682 685 1714 litteris
712 1682 862 1714 formare
888 1683 992 1714 modo
1019 1683 1146 1715 didicit
1171 1694 1270 1725 puer,
1300 1685 1329 1715 is
1356 1684 1483 1716 deinde
1509 1695 1552 1716 ex
1583 1685 1729 1726 syllabis

185 1733 342 1773 uerbum,
361 1744 431 1765 non
447 1744 490 1765 ex
507 1733 624 1766 uerbis
639 1734 875 1773 enuntiatum,
895 1737 1031 1766 struere
1047 1734 1225 1766 docendus
1241 1737 1317 1773 est;
1341 1745 1410 1777 qua
1433 1735 1477 1767 de
1500 1746 1538 1768 re
1560 1746 1638 1768 eum
1662 1736 1728 1769 hoc

181 1795 287 1817 uersu
299 1789 438 1828 agatur,
453 1785 629 1827 singulare
641 1785 736 1817 uerbi
747 1785 913 1817 conuenit
925 1785 1162 1828 singularibus
1173 1786 1289 1818 littera
1301 1789 1338 1818 et
1349 1787 1483 1829 syllaba
1569 1791 1729 1820 membra

183 1836 349 1879 Scaliger,
374 1840 485 1869 uerba
508 1836 610 1869 libri:
635 1836 730 1869 idem
753 1847 851 1869 error
873 1837 909 1869 in
934 1837 1116 1869 Marciano
1140 1837 1242 1870 Ouid.
1263 1841 1345 1870 met.
1371 1847 1438 1870 XIV
1463 1840 1536 1878 148,
1562 1839 1726 1872 Leidensi

182 1887 261 1921 qu.
288 1897 314 1920 x
340 1889 412 1928 198,
439 1888 615 1930 Propertii
638 1888 818 1920 codicibus
842 1898 871 1920 11
895 1889 938 1920 34
959 1889 1003 1920 22
1092 1889 1173 1921 hinc
1196 1890 1348 1922 struitur
1370 1890 1529 1930 uerbum,
1548 1891 1641 1933 quod
1665 1902 1726 1933 per

182 1940 339 1972 membra
354 1951 427 1979 sua,
448 1940 513 1972 hoc
529 1943 583 1972 est
604 1939 821 1982 syllabatim,
840 1940 1013 1982 discipulo
1036 1940 1221 1982 legendum
1247 1944 1311 1973 est.
1359 1941 1513 1973 nondum
1533 1953 1600 1983 per
1621 1943 1725 1975 uerba

180 1991 269 2033 legit
291 1991 351 2034 qui
374 1991 519 2034 syllabis
541 1991 792 2034 componendis
815 1992 963 2024 uerbum
985 1993 1105 2031 struit,
1124 1992 1186 2024 sed
1209 1993 1238 2024 is
1260 1992 1402 2025 demum
1417 1993 1479 2035 qui
1493 1994 1639 2026 structis
1655 1995 1725 2026 iam

182 2042 300 2075 uerbis
316 2053 509 2075 sermonem
525 2044 689 2075 conectit.
739 2043 859 2082 Quint.
880 2052 893 2075 1
917 2045 932 2075 1
951 2045 990 2076 31
1014 2048 1092 2076 tunc
1115 2044 1199 2085 ipsis
1222 2044 1362 2085 syllabis
1383 2045 1488 2077 uerba
1511 2046 1673 2086 conplecti
1695 2052 1725 2079 et

181 2094 235 2127 his
260 2105 446 2126 sermonem
475 2099 641 2127 conectere
671 2094 814 2136 incipiat
902 2095 965 2126 759
995 2106 1111 2127 rerum
1135 2096 1283 2137 singulis
1312 2095 1457 2128 uocibus
1487 2096 1724 2130 subiectarum

181 2146 272 2178 uires
288 2156 329 2178 ac
344 2149 549 2188 potestates,
570 2146 606 2178 id
623 2150 676 2178 est
692 2147 941 2188 interpretatio
956 2146 1153 2179 uerborum.
1202 2146 1323 2186 Quint.
1343 2156 1357 2179 1
1376 2149 1390 2179 l
1412 2149 1454 2180 34
1477 2159 1527 2190 sq.
1547 2149 1635 2181 illud
1656 2159 1724 2181 non

176 2197 363 2239 paenitebit
379 2208 525 2237 curasse,
544 2208 620 2230 cum
635 2197 777 2230 scribere
792 2197 932 2230 nomina
950 2209 1049 2239 puer,
1068 2199 1355 2239 quemadmodum
1370 2199 1474 2231 moris
1490 2204 1547 2239 est,
1566 2200 1721 2241 coeperit,

180 2259 221 2281 ne
237 2249 325 2281 hanc
340 2259 481 2290 operam
496 2249 533 2281 in
548 2249 721 2282 uocabulis
737 2249 936 2290 uulyaribus
957 2254 987 2281 et
1003 2250 1097 2291 forte
1117 2250 1366 2282 occurrentibus
1381 2251 1519 2291 perdat.
1565 2252 1724 2292 protinus

181 2300 271 2333 enim
292 2305 400 2342 potest
425 2300 738 2342 interpretationem
759 2301 897 2341 linquae
919 2301 1118 2340 secretioris,
1144 2312 1230 2343 quas
1256 2301 1381 2334 Graeci
1403 2304 1563 2342 ’γλώσσασ
1585 2308 1719 2342 uocant,

180 2352 264 2384 dum
278 2351 377 2385 aliud
392 2352 519 2393 ayitur,
538 2352 682 2385 ediscere
698 2358 728 2384 et
743 2352 832 2384 inter
843 2352 963 2393 prima
979 2353 1139 2385 elementa
1154 2353 1311 2394 consequi
1324 2363 1396 2385 rem
1408 2358 1527 2394 postea
1536 2354 1724 2395 proprium

181 2408 310 2444 tempus
341 2403 617 2436 desideraturam
706 2403 792 2436 artis
822 2404 1084 2446 grammaticae,
1120 2407 1162 2436 ut
1193 2404 1294 2436 Ouid.
1325 2405 1418 2437 trist.
1448 2414 1487 2437 1v
1525 2406 1565 2438 10
1597 2407 1637 2438 15
1667 2416 1718 2448 sq.

174 2454 336 2496 protinus
362 2455 547 2487 excolimur
572 2455 689 2494 teneri,
716 2465 865 2496 curaque
887 2455 1043 2496 parentis
1063 2455 1067 2497 Ι
1088 2455 1177 2487 imus
1200 2456 1248 2487 ad
1278 2456 1424 2497 insignes
1448 2456 1542 2488 urbis
1568 2456 1610 2489 ab
1635 2462 1722 2490 arte

179 2506 283 2538 uiros.
343 2505 462 2545 Quint.
497 2516 511 2538 1
547 2508 568 2538 4
599 2508 615 2538 1
648 2506 784 2547 primus
814 2507 851 2538 in
881 2517 928 2546 eo,
962 2506 1022 2548 qui
1052 2506 1221 2539 scribendi
1257 2507 1453 2549 legendique
1483 2508 1628 2549 adeptus
1657 2509 1721 2541 erit

170 2558 389 2599 facultatem,
422 2558 657 2599 yrammaticis
688 2563 733 2590 est
763 2559 853 2590 locus
941 2558 1003 2589 761
1035 2567 1209 2590 summam
1236 2558 1429 2598 Bentleius,
1457 2568 1594 2591 summa
1624 2560 1717 2599 libri,

179 2609 274 2651 quod
289 2620 359 2640 non
375 2609 553 2651 intellego,
573 2610 734 2651 quamuis
758 2610 874 2652 Fayus
897 2609 934 2641 in
953 2620 1086 2642 summa
1110 2610 1365 2651 interpretetur
1387 2610 1594 2643 summatim.
1644 2611 1715 2645 Cic.

179 2660 225 2692 ad
243 2661 320 2692 Att.
339 2669 396 2692 VII
419 2661 459 2692 13
478 2663 492 2692 l
512 2661 614 2693 etiam
629 2661 677 2693 ad
692 2671 862 2693 summam
875 2661 1067 2702 profectum
1082 2661 1216 2702 aliquid
1233 2666 1320 2702 puto
1408 2662 1471 2693 762
1494 2665 1721 2696 constiterint

179 2710 243 2744 GL2
271 2715 308 2743 et
335 2722 377 2743 ex
401 2722 489 2744 corr.
510 2715 555 2751 M,
574 2715 811 2744 constiterunt
834 2715 892 2744 LM
979 2712 1043 2744 764
1065 2716 1148 2744 ante
1171 2712 1233 2744 763
1256 2712 1375 2754 posuit
1398 2712 1588 2753 Breiterus,
1613 2725 1718 2756 quam

179 2763 460 2795 emendationem
477 2763 736 2805 imprudentem
759 2774 795 2795 se
811 2766 918 2805 atque
941 2763 1094 2795 inuitum
1118 2764 1242 2796 fecisse
1263 2764 1419 2796 ostendit
1442 2766 1515 2807 ipse
1538 2765 1646 2797 uerba
1668 2767 1718 2798 sic

177 2814 439 2857 distinguendo,
458 2815 552 2854 ordo,
576 2815 581 2856 Ι
601 2825 777 2857 uersaque,
792 2825 878 2856 quae
895 2819 978 2853 cet.;
1002 2825 1123 2848 sensus
1137 2818 1190 2848 est
1202 2816 1295 2847 enim
1307 2815 1506 2858 effluantque
1516 2822 1715 2858 praecepta,

177 2876 264 2908 quae
279 2866 438 2907 maqistri
453 2877 554 2898 uersa
570 2866 706 2906 (ordine
722 2877 791 2899 non
807 2869 916 2906 recto)
932 2867 1087 2899 dederint
1175 2870 1294 2900 effluat
1309 2867 1410 2900 codd.
1426 2868 1504 2901 Par.
1520 2871 1556 2900 et
1572 2868 1664 2901 Flor.
1681 2872 1717 2901 et
