1931 3202
641 111 1126 155 ASTRONOMICON
1166 112 1216 154 II
1645 115 1699 154 29

209 233 274 266 280
332 228 465 281 atque
488 225 715 281 Sagittari,
738 225 912 266 diuerso
933 225 1145 280 conspicit
1166 228 1266 266 ortu
1285 239 1293 276 3

333 299 531 355 Virginis
552 302 596 340 et
617 299 751 340 Tauri
774 298 1042 354 Capricorno
1063 302 1274 341 consonat
1296 301 1464 340 astrum
1480 313 1488 350 3

332 378 478 416 cetera
498 376 604 415 sunt
624 373 758 414 simili
780 373 951 415 ratione
972 373 1198 429 triangula
1220 373 1347 429 signa

331 463 409 504 per
429 448 615 489 totidem
636 447 780 497 sortis,
800 447 962 489 desunt
983 462 1106 502 quae,
1127 447 1305 489 condita
1325 447 1513 488 mundo:

332 521 426 575 [sed
447 521 681 563 discrimen
703 521 788 563 erit
808 520 978 563 dextris
999 521 1277 577 scaenisque:
1308 521 1490 563 sinistra

208 603 272 636 285
333 610 444 650 quae
466 595 668 644 subeunt,
691 609 802 650 quae
822 595 1094 650 praecedunt
1114 596 1273 637 dextra
1295 610 1387 637 esse
1408 594 1638 645 feruntur3

331 670 487 711 dexter
508 669 593 711 erit
612 669 757 710 Tauro
778 668 1082 725 Capricornus,
1105 669 1243 725 Virgo
1263 669 1474 723 sinistra]

332 744 413 785 hoc
434 743 542 785 satis
563 743 765 798 exemplo
785 745 862 785 est.
923 747 983 793 at,
1003 758 1115 799 quae
1136 743 1281 785 diuisa
1303 743 1530 799 quaternis

331 817 534 873 partibus
555 818 728 873 aequali
750 817 939 859 laterum
960 821 1066 859 sunt
1086 817 1265 860 condita
1285 817 1423 859 ductu

332 906 516 947 quorum
538 891 743 947 designat
764 892 974 933 normalis
996 892 1173 947 Uirgula
1193 891 1328 942 sedes,

208 974 273 1007 ‘290
332 967 438 1008 haec
459 965 693 1021 quadrata
714 965 876 1008 ferunt.
937 966 1116 1008 Libram
1139 965 1435 1022 Capricornus
1457 970 1501 1008 et
1522 966 1648 1007 illum

333 1044 546 1101 conspicit
566 1047 669 1086 ante
691 1044 819 1086 Aries
841 1047 974 1100 atque
995 1045 1141 1100 ipsum
1163 1059 1190 1086 a
1210 1044 1413 1100 partibus
1434 1044 1586 1099 aequis

157 1209 201 1241 ob
218 1218 247 1241 11
266 1209 327 1244 167
343 1220 384 1241 ex
395 1209 542 1250 paribus
629 1209 694 1240 280
708 1209 844 1242 diuerso
856 1214 944 1248 ortu,
959 1220 1040 1241 nam
1053 1209 1267 1251 Sagittarius
1280 1210 1451 1251 Lanigero
1464 1209 1559 1251 prior
1575 1209 1700 1247 oritur,

158 1261 228 1293 Leo
243 1261 427 1303 posterior.
476 1265 576 1293 ortus
598 1264 716 1293 autem
738 1264 927 1303 propterea
948 1260 989 1293 fit
1010 1262 1143 1293 mentio
1163 1261 1247 1303 quia
1267 1261 1350 1293 inde
1370 1260 1527 1302 pendent
1548 1271 1637 1302 quae
1659 1259 1703 1291 (10

157 1313 292 1344 dextris
329 1313 509 1354 laeuisque
546 1313 655 1354 signis
692 1312 880 1344 tradentur
914 1324 972 1344 1111.
1001 1313 1066 1345 292
1096 1323 1146 1354 sq.
1252 1312 1316 1343 282
1353 1312 1490 1344 Gemin.
1517 1312 1538 1343 ‘2
1569 1312 1588 1346 7
1620 1313 1704 1343 κατὰ

156 1366 310 1404 τρίγωνον
335 1366 369 1396 δέ
392 1366 460 1396 ἐστι
478 1366 580 1404 Κριὸσ
604 1365 694 1395 Λέων
718 1366 870 1403 Τοξότησ,
889 1366 1014 1404 Ταῦροσ
1036 1366 1207 1405 Παρθένου*
1228 1366 1423 1405 Αἰγοκερωσ,
1443 1365 1573 1402 Δίδυμοι
1597 1364 1702 1403 ΖυὙὸσ

155 1416 340 1456 ’Τδροχόοσ,
365 1417 529 1456 Καρκίνου*
551 1417 716 1457 Σκορπίοσ
740 1416 886 1455 Ἰχθύεσ·
919 1417 961 1447 τὰ
985 1417 1092 1446 πάντα
1115 1417 1257 1456 τρίγωνα
1278 1417 1452 1456 ἰσόπλευρα
1472 1417 1616 1455 τέσσαρα
1720 1418 1721 1421 ’

199 1467 375 1506 crimmum
399 1467 520 1500 Cicero
539 1467 733 1509 appellauit
756 1467 800 1498 de
824 1467 895 1499 diu.
916 1476 946 1498 ΙΙ
970 1468 1023 1506 89,
1043 1468 1127 1499 item
1153 1467 1277 1508 opinor
1300 1467 1530 1499 Germanicus
1554 1466 1641 1508 frag.
1662 1475 1702 1497 VI

242 1518 306 1550 283
329 1521 437 1550 sortis
453 1518 618 1561 Scaliger,
637 1521 746 1551 tortis
762 1518 853 1550 libri.
903 1518 1040 1550 totidem
1057 1518 1168 1557 sortis,
1188 1519 1317 1550 alteras
1333 1518 1420 1550 duas
1440 1518 1698 1559 discriptiones,

156 1573 197 1602 ut
220 1570 284 1604 272
306 1575 415 1609 sorte;
448 1570 536 1602 falso
559 1570 650 1601 enim
672 1570 827 1611 Scaliger
850 1572 978 1611 μοίρασ,
998 1570 1034 1601 111
1058 1574 1112 1601 est
1137 1570 1271 1601 zodiaci
1294 1575 1413 1612 partes
1437 1569 1701 1601 trecentesimae

155 1621 399 1663 sexagesimae,
432 1621 689 1663 interpretatus
719 1624 783 1653 est.
838 1622 973 1663 reliqua
1004 1626 1099 1653 recte
1130 1621 1309 1653 intellexit
1339 1621 1506 1663 Scaliger,
1536 1620 1702 1652 distinxit

156 1673 193 1706 F.
236 1673 370 1711 Iunius,
411 1683 516 1715 quem
553 1676 694 1715 praeter
735 1673 981 1705 necessitatem
1021 1683 1108 1714 quae
1147 1674 1267 1705 desunt
1316 1683 1464 1705 nouasse
1509 1672 1703 1704 ostendunt

154 1735 244 1767 quae
267 1724 312 1756 ad
345 1725 407 1757 169
437 1724 616 1756 adnotaui.
676 1724 762 1756 ordo
789 1727 843 1756 est
873 1729 982 1756 cetera
1013 1724 1191 1765 trz'anffltla
1217 1724 1326 1765 siqua,
1357 1735 1445 1766 quae
1472 1725 1591 1756 dement
1623 1724 1702 1763 (hoc

155 1780 210 1808 est
245 1787 334 1818 quae
369 1787 428 1808 uu.
461 1777 588 1810 279-81
628 1787 699 1808 non
736 1776 989 1815 nominantur),
1023 1776 1129 1808 simili
1158 1776 1292 1808 racione
1324 1787 1391 1816 per
1424 1776 1563 1808 totidem
1598 1780 1703 1807 sortes

155 1829 282 1860 vitando
313 1828 450 1860 condita
476 1833 565 1866 sunt,
593 1828 732 1859 Gemini
760 1827 867 1859 Libra
893 1828 1083 1869 Aquarius,
1114 1827 1246 1860 Cancer
1274 1827 1438 1870 Scorpius
1465 1828 1592 1859 Pisces.
1647 1827 1701 1858 his

156 1880 327 1912 Manilius
364 1890 503 1911 uersum
542 1879 605 1911 287
644 1879 852 1918 subiecerat,
893 1880 953 1911 hoc
996 1879 1103 1921 (quod
1141 1890 1199 1911 uu.
1234 1880 1361 1914 279-81
1402 1880 1445 1911 de
1483 1879 1620 1910 duobus
1658 1889 1700 1910 ex

155 1934 324 1973 quattuor
355 1931 503 1972 trigonis
534 1934 589 1962 est
616 1931 828 1973 expositum)
860 1931 945 1962 satis
975 1931 1126 1972 exemplo
1157 1935 1203 1963 est
1305 1930 1455 1962 284-286
1487 1941 1567 1962 cum
1598 1941 1702 1962 causa.

155 1983 290 2015 deleuit
319 1982 511 2021 Bentleius,
545 1985 646 2014 ‘nam
677 1993 756 2014 mox
788 1993 892 2014 uersu
923 1983 987 2015 293
1018 1983 1083 2014 hoc
1114 1982 1157 2014 de
1188 1982 1324 2014 dextris
1355 1985 1391 2014 et
1420 1982 1574 2014 sinistris
1601 1982 1701 2024 quasi

154 2035 252 2076 prius
286 2045 356 2066 non
387 2034 522 2065 dictum
553 2037 725 2066 memorat
762 2034 910 2073 auctor‚'
941 2036 1065 2065 contra
1098 2045 1201 2076 quem
1240 2034 1388 2066 Iacobus
1419 2044 1533 2075 progr.
1569 2033 1696 2065 Lubec.

155 2097 209 2118 an.
235 2087 318 2118 1834
342 2096 375 2127 p.
399 2087 435 2117 11
465 2086 516 2117 ita
541 2085 702 2127 disputat
727 2089 768 2117 ut
793 2085 911 2124 uerba,
939 2096 1027 2127 quae
1052 2085 1250 2127 exscripsit,
1276 2097 1346 2117 non
1373 2086 1498 2127 legisse
1520 2085 1696 2116 uideatur.

156 2137 216 2169 sed
238 2138 274 2169 in
295 2148 336 2169 eo
358 2137 538 2168 Bentleius
560 2137 693 2168 errauit
714 2137 808 2179 quod
833 2138 1061 2179 posteriorem
1083 2148 1206 2169 uersus
1224 2138 1289 2169 ‘283
1309 2141 1447 2178 partem
1471 2137 1576 2168 simul
1597 2137 1701 2168 eiecit

154 2189 317 2231 quodque
347 2188 409 2220 illa
439 2189 499 2220 hoc
529 2187 614 2220 satis
644 2189 794 2229 exemplo
825 2194 882 2228 est,
916 2199 1004 2230 quae
1035 2199 1140 2230 qumn
1171 2189 1350 2220 commode
1381 2188 1540 2220 uersibus
1571 2188 1700 2222 279-83

155 2240 413 2282 subiungantur
442 2240 549 2282 paulo
578 2244 661 2271 ante
692 2240 878 2281 explicani,
912 2240 1033 2271 eadem
1065 2239 1289 2271 damnatione
1321 2240 1524 2281 complexus
1554 2243 1608 2271 est

197 2291 262 2322 284
284 2294 489 2330 scaenisque
500 2292 534 2330 0⁶,
566 2294 749 2330 laeuisque
785 2292 855 2323 iam
886 2291 1035 2354 Iaccobus
1062 2302 1178 2333 progi.
1214 2291 1341 2323 Lubec.
1377 2302 1431 2323 an.
1468 2292 1552 2323 1831
1578 2301 1612 2333 p.
1645 2291 1697 2330 1‘2,

154 2371 216 2394 seu
246 2371 334 2394 eusa
363 2365 409 2400 M,
437 2371 499 2393 seu
529 2371 638 2393 causa
668 2364 738 2394 GL:
770 2361 864 2393 fuer?
859 2365 887 2393 t
917 2362 1078 2402 scaeui-sq.
1128 2364 1283 2393 0015οι11111
1313 2372 1454 2394 scaenas
1484 2361 1699 2393 adiectiuum

154 2414 323 2445 Manilius
339 2424 409 2445 non
424 2414 534 2455 magis
550 2414 730 2455 posituius
746 2417 821 2445 erat
838 2424 941 2455 quain
958 2413 1202 2445 hexametrum
1218 2416 1298 2455 post
1314 2414 1478 2455 quintum
1496 2413 1700 2444 trochaeum

155 2466 204 2497 sic
225 2465 409 2504 incisurus,
433 2465 627 2506 scaenisque
642 2477 653 2497 .·
676 2465 828 2496 sinistra.
877 2465 920 2496 de
940 2465 1116 2497 sententia
1137 2465 1251 2496 dicam
1273 2464 1318 2496 ad
1337 2465 1401 2497 ⁴293
1489 2464 1554 2495 286
1577 2467 1700 2497 dexter

155 2520 225 2556 GM,
241 2520 387 2548 dextera
398 2520 422 2548 1.
501 2516 563 2548 287
588 2520 633 2548 ad
646 2526 737 2555 quae
750 2520 808 2555 GL,
825 2519 932 2548 athuc
945 2520 978 2548 Μ
1059 2516 1122 2547 289
1146 2527 1291 2557 quorum
1304 2516 1453 2548 laterum
1534 2516 1700 2548 normalis

154 2568 304 2608 uirqula,
337 2579 477 2600 normae
508 2568 629 2610 regula
660 2568 790 2609 duplex
822 2571 957 2599 rectum
988 2567 1153 2609 angulum
1185 2568 1338 2599 efficiens
1435 2567 1499 2598 290
1523 2570 1700 2605 quadrata

155 2622 204 2658 (Ξ
224 2621 316 2659 Ota)
340 2620 519 2661 praeclaro
542 2620 688 2651 inuento
710 2619 903 2658 Bentleius‚
929 2623 968 2651 ta
992 2622 1052 2651 GM
1076 2623 1111 2651 et
1135 2622 1176 2651 ut
1195 2619 1339 2651 uidetur
1359 2622 1393 2657 L,
1416 2628 1457 2651 ca
1477 2621 1632 2658 (haeoca)
1648 2618 1694 2651 L2.

154 2671 291 2703 Gemin.
315 2671 337 2702 2
361 2672 400 2703 16
424 2673 507 2702 κατὰ
529 2673 730 2712 τετράγωνον
755 2672 788 2702 δέ
812 2674 880 2702 ἐστι
905 2672 1006 2711 Κριὸσ
1031 2672 1194 2711 Καρκίνοο·
1221 2672 1329 2711 Ζυγὸσ
1353 2672 1549 2711 Αἰγόκερωσ,
1576 2673 1700 2712 Ταῦροο*

155 2724 245 2753 Λέων
262 2722 619 2763 ΣκορπίοσῪὸροχόοσ,
642 2725 772 2760 Δίδυμοι
789 2724 960 2763 Παρθένοο·
980 2724 1122 2761 Τοξότησ
1142 2722 1287 2762 Ἰχθύεσ·
1333 2724 1373 2753 τὰ
1390 2724 1498 2753 πάντα
1513 2723 1699 2763 τετράγωνα

154 2776 225 2813 τρία
313 2773 375 2804 291
399 2777 483 2805 ante
492 2775 525 2812 ᾗ,
551 2777 692 2806 hahunc
714 2774 787 2812 (secl
809 2777 856 2805 ha
877 2775 981 2812 eras.)
1001 2777 1035 2812 L,
1058 2777 1151 2805 huno
1172 2777 1209 2812 G,
1232 2776 1313 2805 hinc
1335 2776 1368 2804 M
1390 2774 1482 2805 sicut
1503 2774 1700 2806 coniecerat

154 2825 341 2863 Lannoius,
367 2825 461 2866 quod
483 2825 602 2867 Fayus
625 2825 746 2856 deinde
770 2826 1035 2867 interpretatur,
1062 2825 1254 2865 Pingraeus
1282 2825 1387 2857 ‘c’est
1411 2825 1499 2857 ainsi
1522 2825 1634 2866 que’;
1663 2827 1699 2857 111

153 2877 346 2918 archetypo
362 2877 448 2908 hanc
464 2877 572 2908 fuisse
588 2877 786 2918 suspiceris,
805 2887 1016 2918 quamquam
1034 2877 1182 2908 fortasse
1199 2887 1269 2908 non
1286 2877 1400 2908 minus
1421 2877 1495 2908 ueri
1515 2877 1628 2909 simile
1644 2880 1699 2909 est
