1931 3202
258 122 312 161 76
854 118 915 160 M.
948 117 1200 159 MANILII

430 229 637 272 attribuit
658 228 841 270 totidem
864 242 1047 269 numero
1069 227 1343 283 fulgentibus
1364 228 1507 275 astris,

431 307 481 345 ut
501 303 668 345 sociata
689 301 836 343 forent
855 301 1027 343 alterna
1047 301 1191 343 sidera
1212 305 1339 350 sorte,

431 381 476 419 et
496 377 651 418 similis
673 375 755 417 sibi
778 375 980 424 mundus,
1001 379 1047 417 et
1067 375 1214 417 omnia
1235 375 1281 416 in
1303 375 1506 417 omnibus
1526 378 1658 423 astra,

308 462 371 496 705
431 465 617 507 quorum
640 450 848 491 mixturis
869 452 1041 505 regeret
1061 449 1292 491 concordia
1313 463 1469 505 corpus

431 529 476 567 et
497 524 637 566 tutela
659 523 774 565 foret
795 523 1014 565 communi
1037 526 1194 565 mutua
1214 537 1355 565 causa.

308 609 372 641 642
431 599 477 640 in
498 599 628 640 terris
649 597 788 653 geniti
811 597 891 638 tali
913 597 994 639 sub
1015 597 1109 653 lege
1130 601 1357 648 creantur3

352 684 370 716 7
431 672 602 720 idcirco,
625 686 891 727 quamquam
914 671 1053 727 signis
1074 674 1313 713 nascantur
1334 670 1508 718 eisdem,

430 747 626 788 diuersos
647 745 847 787 referunt
868 759 1010 787 mores
1030 745 1294 801 inimicaque
1316 748 1444 794 uota3

431 823 475 862 et
496 834 623 876 saepe
645 820 691 860 in
712 819 836 875 peius
857 819 1031 861 deerrat
1052 825 1214 861 natura
1233 833 1484 874 maremque

256 1035 370 1064 zonae,
394 1023 465 1057 Cic.
485 1023 610 1065 phaen.
630 1024 694 1055 315
717 1033 775 1055 sex
800 1027 915 1054 tantae
933 1046 940 1054 .
961 1047 969 1054 .
991 1047 998 1055 .
1017 1027 1134 1063 parces
1233 1021 1297 1054 702
1319 1031 1465 1054 numero
1490 1022 1802 1064 Regiomontanus,

256 1085 420 1109 numeros
437 1078 481 1114 Μ,
501 1076 659 1107 numeris
675 1077 734 1106 GL.
784 1073 923 1105 totidem
944 1084 1084 1106 numero
1105 1073 1221 1112 astris,
1240 1074 1346 1105 astris
1365 1084 1454 1115 quae
1476 1073 1600 1105 itidem
1620 1072 1803 1105 duodecim

257 1131 341 1160 sunt
429 1126 492 1159 703
513 1125 578 1158 704
601 1125 644 1158 de
659 1126 779 1166 forent
803 1125 937 1167 duplici
961 1126 998 1157 ui
1021 1125 1183 1157 adhibito
1206 1125 1282 1157 dixi
1298 1124 1343 1157 ad
1360 1134 1373 1156 1
1390 1126 1475 1159 784:
1500 1125 1614 1156 simile
1635 1127 1690 1156 est
1709 1124 1803 1166 quod

257 1179 341 1212 Luc.
360 1187 373 1211 1
394 1179 458 1211 292
479 1188 553 1220 sqq·
579 1177 741 1216 habetur,
765 1177 802 1208 in
823 1176 944 1208 bellum
962 1187 1073 1218 prono
1096 1181 1254 1208 tantum
1277 1181 1390 1208 tamen
1411 1176 1550 1208 addidit
1571 1176 1644 1208 irae
1666 1175 1670 1217 Ι
1690 1186 1803 1208 accen-

257 1231 373 1272 ditque
403 1230 533 1268 ducem,
563 1234 728 1270 quantum
760 1228 905 1260 clamore
936 1227 1080 1260 iuuatur
1106 1227 1110 1270 Ι
1135 1228 1238 1260 Eleus
1268 1228 1411 1269 sonipes,
1444 1227 1504 1259 ubi
1531 1233 1665 1260 tantum
1690 1229 1804 1269 primo

257 1281 474 1315 substantiui
490 1281 577 1320 uice,
594 1279 721 1312 deinde
737 1279 897 1312 aduerbii
913 1279 1077 1322 fungitur
1165 1279 1227 1311 705
1252 1290 1385 1321 corpus,
1404 1279 1585 1311 zodiacum
1602 1279 1804 1311 uniuersum

344 1333 407 1365 706
431 1344 467 1365 se
484 1335 606 1364 mutuo
623 1334 840 1370 tutarentur,
859 1342 938 1363 cum
955 1331 1148 1363 communis
1164 1331 1214 1363 eis
1230 1341 1335 1363 causa
1358 1334 1452 1363 esset
1548 1330 1612 1362 642
1635 1334 1718 1362 ante
1741 1330 1804 1362 707

257 1384 449 1424 conlocaui,
472 1395 515 1416 ne
534 1384 587 1416 illi
608 1388 796 1415 nascantur
823 1383 960 1415 deesset
981 1383 1233 1422 nominatiuus,
1260 1383 1321 1424 qui
1348 1393 1391 1414 ex
1414 1381 1707 1424 praecedentibus
1729 1382 1805 1424 peti

257 1448 327 1468 non
342 1439 462 1478 potest
549 1435 612 1467 707
636 1435 779 1466 minime
803 1437 951 1476 apparet
972 1445 1034 1466 cur
1055 1441 1177 1466 contra
1199 1437 1331 1466 certam
1352 1434 1551 1476 aequalium
1567 1444 1709 1465 suorum
1726 1443 1803 1465 con-

257 1487 492 1526 suetudinem,
508 1497 578 1529 qua
593 1489 734 1518 seruata
751 1486 826 1528 ipse
842 1497 911 1517 non
928 1486 1044 1517 minus
1061 1486 1209 1524 sexiens,
1225 1494 1238 1517 1
1254 1486 1327 1524 186,
1343 1494 1372 1517 11
1385 1486 1437 1524 97,
1455 1494 1500 1517 111
1514 1486 1566 1524 78,
1586 1493 1626 1516 1v
1638 1486 1712 1523 510,
1726 1485 1802 1523 589,

258 1540 332 1579 652,
352 1539 459 1571 isdem
482 1538 600 1580 posuit
623 1549 687 1580 pro
710 1537 876 1579 spondeo,
899 1537 963 1569 hoc
988 1547 1056 1569 uno
1080 1537 1155 1568 loco
1178 1541 1283 1578 poeta
1306 1537 1404 1568 nulla
1425 1540 1571 1579 cogente
1594 1536 1805 1568 necessitate

259 1591 391 1634 (potuit
414 1590 507 1622 enim
531 1590 588 1621 uel
611 1590 648 1621 in
672 1589 730 1621 uel
753 1588 795 1620 ab
819 1588 925 1620 isdem
952 1588 1118 1627 scribere)
1146 1588 1271 1620 eisdem
1296 1588 1413 1620 tribus
1439 1587 1586 1630 syllabis
1612 1587 1805 1624 extulerit;

259 1643 357 1675 cuius
381 1652 562 1673 mensurae
582 1641 719 1672 nullum
741 1644 924 1682 praeterea
948 1643 1049 1672 extat
1070 1639 1268 1681 exemplum
1292 1640 1473 1682 antiquius
1498 1639 1677 1671 quenalis
1701 1649 1804 1671 uersu

258 1703 326 1726 XIV
337 1695 378 1726 30
388 1694 436 1725 ad
446 1693 618 1725 moechum
628 1693 689 1724 dac
700 1692 925 1733 eisdemferre
938 1691 1100 1723 cinaedis.
1137 1701 1348 1733 quamquam
1361 1691 1407 1723 eis
1419 1690 1634 1732 disyllabum
1647 1691 1753 1723 semel
1769 1691 1804 1722 in

259 1745 437 1778 codicibus
450 1744 620 1786 scriptum
632 1748 686 1776 est
699 1753 728 1775 11
741 1744 816 1782 744,
832 1743 972 1782 iterum,
987 1747 1028 1774 ut
1041 1742 1195 1781 uidetur,
1209 1742 1432 1774 scribendum
1445 1743 1520 1781 542,
1533 1742 1683 1774 fortasse
1696 1742 1805 1774 etiarn

258 1798 367 1829 tertio
382 1797 471 1835 loeo,
490 1797 552 1831 377
641 1794 706 1827 709
728 1797 830 1834 peius
852 1797 994 1827 deerrat
1003 1794 1035 1834 ἦ
1055 1798 1207 1832 pecudes
1228 1798 1326 1826 errat
1342 1794 1416 1833 (ΗΡ,
1435 1797 1584 1832 pecudes
1606 1797 1728 1826 errant
1747 1797 1807 1825 Lm

345 1852 477 1880 natura
493 1850 553 1886 GL,
576 1850 720 1879 matura
741 1850 775 1878 M
796 1846 857 1878 sed
879 1857 966 1878 corr.
1059 1857 1129 1877 una
1150 1846 1272 1878 littera
1294 1845 1415 1877 eodem
1437 1856 1505 1888 quo
1529 1854 1558 1877 11
1580 1846 1644 1880 744
1667 1845 1749 1877 iura
1769 1845 1805 1877 in

260 1911 356 1939 cura,
376 1909 389 1931 1
412 1900 487 1935 439,
505 1908 534 1930 11
558 1899 632 1937 337,
652 1907 693 1930 IV
715 1899 779 1930 369
802 1898 918 1930 iuncta
941 1897 977 1929 in
1001 1903 1120 1929 cuncta
1142 1908 1258 1929 errore
1283 1900 1434 1936 mutata,
1458 1897 1570 1928 altera
1590 1897 1808 1939 transposita

259 1956 323 1984 est.
374 1960 402 1983 11
431 1952 494 1983 885
521 1950 558 1981 in
583 1949 744 1991 peiusque
771 1954 907 1981 manent
935 1959 1063 1981 cursu-s.
1113 1959 1215 1990 saepe
1243 1959 1312 1980 uno
1336 1948 1526 1990 eodemque
1552 1948 1807 1990 horoscopante

259 2005 358 2045 signo
386 2002 537 2034 mutatio
562 2001 603 2033 fit
631 2002 667 2033 in
694 2000 861 2039 deterius,
890 2003 930 2032 ut
957 2000 1103 2032 muliere
1131 1999 1285 2042 geminos
1311 2000 1470 2042 pariente
1498 1999 1679 2031 duabusue
1706 1999 1805 2032 breui

260 2055 428 2096 temporis
454 2052 642 2085 interuallo
668 2052 802 2094 prolem
829 2052 941 2083 enixis
967 2051 1063 2093 prior
1090 2055 1195 2083 natus
1223 2051 1338 2083 infans
1365 2062 1450 2090 mas,
1476 2052 1650 2093 posterior
1675 2051 1806 2083 femina

260 2106 413 2143 euaclat;
446 2105 482 2137 id
509 2104 603 2146 quod
630 2115 721 2136 nouo
747 2103 1030 2135 dodecatemorio
1054 2102 1263 2135 succedente
1287 2102 1448 2134 efficitur.
1497 2102 1580 2134 uide
1603 2106 1742 2145 praeter
1765 2113 1806 2134 ea

260 2169 349 2200 quae
365 2157 410 2189 ad
428 2168 460 2189 u.
477 2157 540 2188 693
556 2155 728 2197 adscripsi
743 2155 843 2187 Vett.
858 2155 938 2186 Val.
959 2165 1015 2196 pp.
1033 2155 1073 2188 ‘27
1088 2165 1137 2196 sq.
1158 2156 1221 2185 τῶν
1237 2156 1295 2193 μὲν
1311 2156 1480 2195 ἀρρενικῶν
1499 2156 1617 2194 ζῳδίων
1633 2156 1666 2186 αἱ
1683 2156 1805 2195 πρῶται

260 2210 293 2250 β’
311 2211 408 2248 ἥμισυ
422 2210 527 2248 μοῖραι
545 2209 671 2239 ἔσονται
689 2209 857 2248 ἀρρενικαὶ,
875 2209 907 2237 αἱ
922 2208 955 2238 δὲ
971 2208 1047 2245 ἑξῆσ
1062 2206 1096 2246 β’
1113 2208 1210 2245 ἥμισυ
1227 2207 1374 2245 θηλυκαὶ·
1398 2208 1462 2237 τῶν
1479 2207 1514 2237 δὲ
1531 2207 1676 2244 θηλυκῶν
1689 2207 1806 2245 ζῳδίων

261 2263 293 2292 αἱ
310 2262 433 2301 πρῶται
449 2259 482 2300 β’
499 2261 596 2298 ἥμισυ
614 2260 759 2297 θηλυκαὶ,
779 2260 812 2289 αἱ
831 2259 907 2298 ἑξῆσ
928 2257 1101 2299 α’ρρενικαὶ,
1121 2260 1152 2289 αἱ
1174 2259 1208 2289 δὲ
1229 2258 1306 2297 ἑξῆσ
1327 2259 1471 2296 θηλυκαί.
1521 2257 1805 2299 androgynorum

262 2311 484 2354 significatio,
510 2321 615 2352 quam
640 2309 829 2342 Stoeberus
853 2314 889 2342 et
914 2309 1062 2341 Iacobus
1089 2309 1156 2341 sibi
1184 2309 1252 2341 uisi
1278 2313 1361 2340 sunt
1389 2308 1662 2350 deprehendere,
1689 2308 1806 2340 uerbis

262 2375 331 2395 non
359 2365 461 2395 inest.
511 2363 547 2394 in
571 2362 715 2403 pecudes
741 2366 835 2393 errat
869 2366 997 2392 natura
1029 2360 1145 2402 Fayus
1176 2364 1317 2392 enarrat
1349 2364 1496 2392 ‘natura
1527 2361 1611 2402 (u.g.
1639 2360 1805 2399 humana)

262 2415 451 2457 degenerat
468 2414 503 2445 in
519 2413 674 2452 bestias?
692 2416 733 2445 ut
748 2416 853 2455 poeta
873 2412 908 2444 id
930 2413 1088 2444 omiserit
1109 2412 1202 2454 quod
1218 2412 1368 2443 maxime
1385 2415 1529 2453 cuperet
1544 2411 1660 2443 dicere
1674 2424 1682 2450 ;
1706 2422 1746 2443 ac
1763 2423 1808 2443 ne

262 2468 311 2498 sic
327 2465 468 2508 quidem
492 2470 556 2496 aut
578 2468 673 2496 recte
697 2467 759 2496 aut
783 2463 1018 2495 tolerabiliter
1041 2463 1145 2495 ferini
1169 2463 1348 2495 hominum
1370 2467 1493 2505 partus
1515 2463 1596 2502 (etsi
1616 2473 1714 2503 saepe
1731 2462 1807 2495 fleri

263 2518 432 2549 (licuntur
455 2525 494 2548 1v
513 2517 629 2555 iol-5,
648 2515 825 2557 permiscet
849 2526 948 2556 saepe
963 2515 1128 2556 ferarum
1147 2516 1151 2556 1
1173 2525 1319 2555 corpora
1340 2524 1416 2546 cum
1434 2514 1592 2546 membris
1608 2514 1781 2546 hominnm
1795 2527 1805 2546 :

262 2580 329 2601 non
352 2568 488 2600 seminis
511 2568 565 2600 ille
587 2567 733 2609 {partus
756 2567 819 2599 erit
830 2577 845 2606 ;
877 2566 961 2608 quid
985 2566 1072 2598 enim
1099 2566 1192 2598 nobis
1215 2576 1385 2598 commune
1401 2564 1605 2607 serisque?{
1627 2565 1743 2607 quisue
1772 2565 1806 2596 in

259 2620 411 2661 portenti
427 2629 552 2651 noxam
567 2619 717 2659 peccarit
730 2618 866 2650 adulter
877 2618 893 2649 3³
911 2616 915 2659 Ι
937 2622 1034 2650 astra
1046 2622 1172 2649 nonant
1180 2618 1320 2658 formas
1333 2618 1527 2658 caelumque
1540 2617 1707 2649 interserit
1721 2627 1782 2648 ora
1798 2629 1806 2654 ;

263 2672 393 2714 quippe
417 2674 472 2702 tot
496 2670 593 2702 urbis
616 2670 748 2701 Romae
770 2669 916 2701 saeculis
933 2680 974 2701 ex
992 2672 1068 2700 tota
1084 2668 1191 2701 Italia
1213 2668 1307 2700 haud
1328 2679 1439 2710 pauca
1454 2668 1625 2700 eiusmodi
1640 2671 1806 2710 portenta

265 2723 429 2755 nuntiata
450 2724 487 2754 et
508 2721 633 2753 hostiis
654 2720 845 2752 maioribus
862 2723 1049 2762 procurata
1065 2722 1179 2759 erant)
1202 2730 1243 2752 ex
1264 2730 1374 2762 aequo
1397 2723 1645 2762 comparantur
1668 2730 1746 2751 cum
1770 2729 1806 2751 re

265 2774 404 2816 uulgari
419 2783 576 2815 quaeque
593 2772 741 2804 cottidie
757 2782 822 2803 usu
838 2772 971 2811 ueniat,
990 2782 1094 2803 sexus
1110 2772 1146 2803 in
1163 2771 1358 2803 infantibus
1374 2771 1439 2803 sub
1461 2771 1581 2802 eodem
1598 2771 1697 2813 signo
1712 2771 1806 2802 natis

267 2825 485 2857 diuersitate.
534 2823 629 2866 quod
646 2824 674 2855 si
692 2823 727 2855 id
745 2827 885 2855 tantum
902 2822 1092 2865 significari
1109 2825 1274 2864 putamus
1293 2822 1386 2864 quod
1403 2831 1442 2854 lv
1458 2823 1564 2856 374-7
1581 2823 1631 2854 sic
1647 2821 1802 2859 effertur,

266 2876 302 2908 in
326 2881 396 2908 tam
418 2875 534 2908 multis
556 2876 772 2907 animantum
794 2874 940 2913 milibus,
959 2884 1025 2906 uno
1048 2873 1052 2915 Ι
1072 2884 1157 2915 quae
1178 2874 1317 2906 ueniunt
1337 2873 1442 2915 simio,
1462 2879 1507 2906 tot
1528 2878 1616 2912 sunt,
1636 2878 1714 2915 quot
1735 2883 1804 2905 cor-
