1931 3202
189 123 242 160 54
783 117 844 159 M.
877 115 1129 159 MANILII

362 232 431 274 his
451 232 537 274 orti
560 231 724 273 similes
746 229 948 272 referunt
968 244 1046 285 per
1066 233 1223 271 mutua
1243 243 1408 278 sensus,

362 306 513 348 audire
534 308 585 347 ut
606 305 788 360 cupiant
808 304 917 345 alios
939 304 1133 359 aliosque
1155 303 1317 352 uidere,

362 381 536 435 [horum
559 379 658 421 odio
679 393 797 423 nunc
818 378 975 419 horum
998 378 1114 419 idem
1136 377 1360 420 ducuntur
1380 376 1545 431 amore]

361 455 448 495 illis
469 454 651 495 insidias
673 451 872 501 tendant,
893 456 1128 508 captentur
1150 452 1206 493 ab
1227 452 1326 493 illis.

236 538 301 570 520
419 529 525 584 quin
547 527 732 569 aduersa
752 530 902 568 meant
922 526 1094 568 alterna
1114 526 1292 582 trigona
1313 525 1512 582 trigonis,

360 603 586 658 alteraque
607 602 653 642 in
674 601 836 642 bellum
859 600 1034 642 diuerso
1054 600 1195 642 limite
1216 600 1339 642 ducit

361 677 487 718 linea.
549 676 610 718 sic
630 675 724 717 ueri
746 690 824 731 per
844 678 988 716 totum
1011 678 1222 716 consonat
1243 674 1360 716 ordo.

188 875 248 910 GL,
267 874 369 904 finxit
385 874 428 903 M.
478 869 568 902 illud
590 881 710 902 uerum
734 874 800 909 est,
819 880 899 902 cum
921 870 1006 901 haec
1030 870 1157 908 omnia,
1177 870 1275 902 uisus
1291 869 1434 901 auditus
1458 879 1555 901 amor
1571 868 1730 907 insidiae,

189 924 374 966 positione,
404 933 472 954 non
506 922 680 964 qualitate
711 922 890 964 signorum
918 921 1137 960 efficiantur3
1176 931 1220 953 ne
1251 921 1339 953 illud
1370 920 1509 960 addam,
1538 931 1602 963 pro
1626 919 1736 961 finxit

189 975 307 1017 potius
321 973 407 1015 jecit
424 974 532 1005 fuisse
549 973 736 1005 dicendum
826 973 890 1004 516
905 982 1030 1005 sensus
1045 972 1147 1004 Voss.
1162 973 1236 1011 390,
1252 982 1378 1004 census
1394 975 1478 1004 ΘΒΜ
1567 971 1628 1003 517
1645 974 1736 1004 alios

189 1026 262 1065 (ΗΡ,
288 1028 381 1058 alius
404 1028 463 1056 ΕΜ
551 1025 614 1055 518
638 1028 816 1056 ducuntur
842 1027 911 1063 LM,
931 1027 1108 1056 ducantur
1123 1027 1149 1056 G
1237 1035 1378 1056 uersum
1394 1023 1522 1063 deleui,
1540 1034 1644 1065 quem
1659 1024 1732 1065 qui,

189 1077 279 1109 male
301 1077 491 1108 intellectis
506 1087 596 1118 quae
617 1087 649 1108 u.
666 1077 730 1109 469
752 1076 885 1118 legerat
906 1076 1023 1108 odium
1044 1081 1081 1107 et
1094 1075 1223 1117 foedus
1246 1075 1456 1114 nominibus,
1477 1075 1636 1113 inseruit,
1655 1085 1735 1106 cum

190 1129 254 1161 hoc
275 1132 417 1160 tantum
438 1128 558 1167 uellet,
577 1128 699 1160 horum
720 1128 808 1166 odio,
827 1128 949 1159 horum
970 1138 1084 1159 amore
1106 1127 1288 1166 ducuntur,
1313 1127 1510 1159 hexametri
1530 1126 1737 1158 absoluendi

189 1181 399 1212 necessitate
422 1184 527 1222 poeta
555 1179 711 1210 misellus
735 1179 804 1211 duo
831 1179 940 1211 uerba
966 1183 1108 1211 coactus
1135 1182 1190 1211 est
1216 1178 1367 1217 adicere,
1394 1189 1541 1220 quorum
1569 1178 1732 1216 alterum,

190 1242 289 1270 nunc,
308 1242 414 1273 quam
437 1231 583 1262 moleste
600 1230 758 1262 abundet
774 1231 987 1272 comparatis
1011 1231 1092 1262 hinc
1108 1231 1171 1265 517
1196 1234 1232 1262 et
1249 1231 1324 1269 519,
1344 1230 1440 1262 illinc
1461 1231 1526 1262 208
1547 1234 1583 1261 et
1604 1238 1650 1261 111
1672 1231 1736 1262 556

190 1283 375 1322 sentietur,
403 1282 566 1321 alterum,
594 1282 694 1320 idem,
725 1282 822 1314 omni
848 1293 951 1314 sensu
979 1293 1131 1314 uacuum
1158 1286 1221 1314 est.
1280 1292 1392 1324 neque
1419 1282 1512 1313 enim
1539 1281 1625 1313 haec
1652 1280 1733 1320 duo,

190 1345 278 1367 nunc
294 1334 415 1366 horum
431 1333 509 1366 odio
531 1334 714 1373 ducuntur,
734 1344 822 1365 nunc
844 1333 966 1365 horum
984 1333 1033 1372 (id
1059 1337 1112 1365 est
1132 1333 1294 1372 aliorum)
1319 1343 1434 1365 amore
1455 1333 1641 1371 ducuntur,
1659 1343 1736 1364 eam

190 1387 284 1418 inter
307 1396 342 1417 se
364 1385 536 1417 rationem
559 1384 691 1416 habeut
715 1395 821 1426 quam
845 1384 964 1416 Latini
987 1384 1112 1416 addito
1136 1384 1227 1416 idem
1250 1384 1454 1426 pronomine
1475 1383 1714 1425 insigniebant
1727 1396 1736 1422 ;

190 1437 290 1469 uelut
317 1447 418 1468 nemo
444 1447 612 1478 umquam
643 1436 692 1468 sic
720 1436 858 1468 locutus
885 1440 951 1475 est,
979 1447 1068 1468 nunc
1096 1436 1250 1477 Lydiam
1280 1436 1347 1475 odi,
1377 1446 1466 1467 nunc
1493 1435 1583 1467 idem
1611 1435 1737 1468 Chloen

191 1500 290 1520 amo:
318 1488 413 1530 quod
436 1492 560 1519 contra
585 1491 680 1519 recte
704 1487 836 1519 dieitur
861 1498 949 1519 nunc
974 1487 1140 1528 Lydiam,
1167 1498 1254 1519 nnnc
1282 1487 1370 1519 idem
1399 1487 1524 1520 Chloen
1548 1487 1617 1524 odi,
1642 1489 1736 1519 recte

191 1540 345 1582 Lydiam
371 1550 460 1571 nunc
487 1539 556 1577 odi,
583 1550 671 1571 nunc
698 1539 788 1571 idem
815 1549 902 1571 amo.
961 1539 1023 1570 sed
1049 1550 1092 1570 ne
1123 1538 1272 1571 sublatis
1299 1538 1441 1580 quidem
1468 1549 1556 1570 nunc
1583 1542 1620 1570 et
1647 1538 1738 1570 idem

191 1591 407 1630 tibicinibus,
427 1594 467 1622 ut
488 1594 569 1622 ruat
591 1595 743 1622 metrum
766 1589 898 1632 fiatque
914 1601 1017 1633 quem
1041 1590 1274 1632 interpolator
1296 1590 1490 1632 quaerebat
1512 1601 1646 1629 sensuS,
1664 1590 1737 1622 ullo

191 1647 295 1685 pacto
319 1643 375 1674 hic
399 1652 522 1674 uersus
545 1653 624 1673 cum
647 1641 886 1684 superioribus
910 1642 1088 1673 conciliari
1111 1646 1231 1684 potest
1244 1654 1253 1681 3
1281 1643 1317 1673 in
1341 1652 1409 1683 quo
1433 1641 1527 1683 quod
1550 1645 1576 1673 G
1598 1644 1738 1673 mutato

192 1694 291 1726 uerbi
314 1693 417 1725 modo
442 1694 611 1726 orationis
636 1697 848 1730 structurae,
873 1704 978 1735 quam
1003 1694 1062 1725 ille
1086 1693 1280 1735 neglexisse
1305 1693 1459 1732 uidetur,
1486 1694 1672 1732 succurrit,
1698 1703 1738 1725 eo

192 1746 249 1778 uel
279 1745 435 1788 apertior
462 1744 503 1776 fit
534 1745 730 1776 sententiae
763 1745 1007 1787 repugnantia.
1060 1745 1162 1776 ‘has'
1195 1745 1312 1787 inquit
1341 1749 1445 1787 poeta
1476 1745 1583 1776 ‘nice-s
1610 1748 1739 1777 natura

193 1798 300 1839 signis
324 1797 464 1835 tribuit,
483 1796 537 1828 his
561 1797 631 1828 orti
653 1796 783 1828 similes
804 1797 965 1828 referunt
982 1801 1183 1837 permutem
1200 1796 1345 1835 sensus,'
1362 1801 1403 1828 ut
1424 1796 1506 1828 inde
1527 1796 1740 1838 proueniant

193 1860 283 1891 quae
309 1859 390 1880 mox
417 1848 578 1880 uersibus
605 1848 713 1882 517-9
740 1848 988 1890 appellantur;
1015 1848 1242 1890 appellantur
1265 1852 1385 1880 autem
1414 1859 1447 1880 u.
1465 1849 1528 1880 518
1556 1847 1676 1880 odium
1703 1851 1740 1880 et

193 1911 300 1932 amor.
350 1900 450 1941 atqui
474 1900 503 1931 is
526 1910 634 1938 amor,
654 1900 713 1941 qui
738 1911 795 1931 uu.
812 1901 964 1932 435-514
988 1900 1024 1931 in
1051 1910 1112 1931 sex
1136 1901 1244 1941 signis
1267 1905 1570 1938 commemoratur,
1594 1903 1739 1932 mutuus

194 1963 262 1984 non
287 1955 340 1983 est
364 1962 476 1993 neque
499 1951 534 1982 in
559 1951 652 1982 uices
676 1956 883 1989 exercetur;
911 1951 1028 1983 odium
1055 1951 1105 1983 ibi
1129 1954 1422 1983 commemoratur
1446 1951 1595 1990 nullum,
1617 1951 1679 1982 sed
1702 1952 1738 1983 in

194 2003 308 2035 tribus
332 2003 441 2045 signis
464 2002 561 2034 fraus
585 2003 795 2041 meretricia,
822 2003 921 2034 cuius
945 2014 977 2034 u.
992 2004 1055 2034 519
1080 2003 1212 2034 mentio
1235 2002 1319 2041 fiet;
1347 2007 1388 2035 ut
1412 2014 1490 2034 raro
1517 2002 1739 2035 manifestius

194 2066 298 2097 quam
326 2055 361 2086 in
390 2054 455 2086 hoc
483 2053 525 2085 de
553 2065 622 2096 quo
649 2053 871 2096 disputamus
898 2054 1072 2086 uersiculo
1099 2054 1264 2086 falsarius
1294 2054 1579 2096 deprehendatur
1676 2053 1740 2085 519

195 2111 374 2148 captentur
394 2109 435 2137 ut
451 2106 525 2138 496.
575 2106 640 2137 hoc
663 2116 768 2137 uersu
792 2106 1011 2148 significatur
1028 2106 1135 2138 Tauri
1157 2110 1193 2138 et
1212 2107 1355 2145 Arietis,
1375 2106 1501 2138 Cancri
1523 2111 1560 2138 et
1576 2106 1737 2148 Aquarii,

195 2158 352 2200 Virginis
365 2161 401 2189 et
414 2157 599 2199 Sagittarii
615 2157 751 2189 fraudis
766 2157 925 2189 intentae
942 2158 1139 2199 amorisque
1157 2157 1317 2189 frustrati
1334 2158 1426 2189 inter
1443 2168 1478 2189 se
1495 2158 1737 2189 commercium

281 2208 429 2240 520-535
446 2208 597 2251 primum
609 2209 789 2250 trigonum
802 2210 910 2241 tertio
923 2209 1101 2241 inimicum
1190 2209 1254 2239 520
1265 2210 1444 2248 alterna&
1458 2212 1567 2241 etiam
1579 2212 1674 2248 GLM,
1684 2210 1740 2241 cui

195 2270 263 2300 que
279 2261 384 2292 metri
401 2271 505 2292 causa
520 2259 659 2291 addidit
676 2259 723 2299 L'2,
739 2260 854 2292 oleum
870 2261 906 2292 in
923 2261 1135 2292 incendium.
1185 2261 1319 2292 alterna
1335 2266 1370 2292 et
1386 2266 1526 2292 aeterna
1542 2261 1648 2302 uulgo
1664 2271 1740 2302 per-

195 2315 389 2351 mutantur,
409 2313 486 2343 ετῆα
507 2316 627 2343 autem
648 2312 709 2343 uix
731 2311 851 2344 differt
872 2312 915 2344 ab
937 2312 1025 2344 elici:
1050 2312 1146 2344 haud
1167 2312 1330 2344 dissimili
1353 2323 1468 2344 errore
1491 2323 1582 2354 aegr.
1599 2312 1736 2344 Perdic.

198 2364 260 2396 189
285 2374 325 2395 ex
352 2363 472 2395 radio-s
496 2363 696 2404 alternaque
720 2363 852 2395 factum
881 2367 936 2395 est
962 2364 1105 2396 radiosa
1130 2369 1159 2395 et
1185 2374 1340 2405 namque.
1395 2366 1498 2395 etiam
1521 2375 1591 2395 non
1617 2374 1740 2396 uersus

196 2415 306 2457 magis
333 2426 438 2457 quam
468 2415 646 2446 sententia
673 2416 830 2457 respuit;
865 2415 1013 2457 proinde
1044 2416 1136 2447 enim
1167 2415 1298 2447 dicitur
1325 2416 1425 2457 quasi
1451 2415 1495 2447 de
1521 2415 1738 2456 singulorum

196 2466 349 2498 siderum
387 2466 584 2498 inimicitiis
622 2467 656 2497 in
695 2467 936 2508 superioribus
970 2477 1082 2499 sermo
1121 2467 1240 2505 fuerit,
1273 2477 1363 2508 quae
1400 2466 1560 2498 uersibus
1599 2467 1739 2498 demum

196 2519 257 2550 541
281 2528 354 2559 sqq.
375 2522 714 2555 commemorantum
743 2518 876 2550 frustra
901 2519 1011 2560 igitur
1035 2518 1217 2550 Bentleius
1245 2523 1274 2550 et
1301 2523 1372 2550 tocco
1396 2517 1544 2550 Iacobus
1569 2523 1598 2550 et
1624 2518 1741 2550 iuncta

196 2570 430 2601 coniecerunt.
480 2568 564 2600 ordo
581 2573 635 2601 est
653 2570 789 2601 alterna
811 2569 964 2609 ινίῃοηί-ς,
985 2574 1025 2601 ut
1041 2569 1143 2602 Ouid.
1164 2570 1257 2601 trist.
1279 2578 1323 2601 111
1342 2571 1357 2601 1
1377 2570 1415 2601 61
1434 2569 1531 2610 siqua
1546 2569 1741 2611 pereyrinis

195 2620 253 2652 ubi
277 2625 353 2652 sunt
377 2621 511 2652 alterna
534 2620 718 2653 columnis:
753 2621 901 2653 aduersa
925 2625 1043 2653 meant
1065 2621 1135 2652 duo
1159 2622 1298 2663 trigona
1324 2632 1413 2662 quae
1438 2621 1580 2662 reliquis
1603 2621 1741 2653 duobus

195 2671 332 2704 alterna
358 2675 463 2710 sunt;
490 2671 527 2703 id
551 2671 645 2713 quod
670 2673 831 2714 sequenti
855 2683 959 2704 uersu
984 2672 1211 2704 confirmatur
1298 2672 1361 2703 521
1387 2672 1498 2704 altera
1522 2683 1564 2704 ex
1589 2672 1738 2711 duabus,

196 2734 284 2764 quae
311 2723 347 2754 in
373 2728 542 2765 quattuor
567 2724 716 2765 trigonis
741 2729 956 2755 momentum
984 2724 1131 2763 faciunt,
1157 2724 1259 2756 lineis
1286 2723 1481 2762 diametris,
1507 2735 1547 2756 ea
1575 2723 1741 2756 uidelicet

195 2785 284 2816 quae
321 2775 479 2806 Arietem
510 2774 732 2817 Libramque,
765 2786 836 2807 non
873 2786 962 2817 quae
993 2775 1165 2808 Cancrum
1195 2778 1232 2807 et
1262 2774 1514 2817 Capricornum
1544 2776 1736 2817 coniungit.

196 2825 386 2858 secundum
417 2830 453 2857 et
483 2830 649 2867 quartum
680 2827 858 2868 trigonum
889 2827 982 2858 inter
1013 2837 1049 2858 se
1080 2837 1148 2858 non
1179 2837 1254 2858 esse
1287 2827 1429 2858 inimica
1459 2828 1567 2859 etiarn
1604 2837 1647 2858 ex
1678 2837 1736 2858 uu.

194 2877 346 2910 541-569
384 2877 562 2919 colligitur
672 2877 735 2908 522
773 2886 818 2910 111
852 2878 915 2912 207
944 2878 1181 2919 fundamenta
1218 2883 1323 2910 ruunt
1361 2878 1448 2910 arcis
1485 2888 1543 2910 nec
1580 2883 1739 2910 consonat
