1931 3202
662 96 1146 140 ASTRONOMICON
1187 97 1236 138 II
1667 100 1722 139 43

354 207 414 249 sic
435 207 596 249 bellum
619 210 780 248 natura
800 208 925 263 gerit,
948 207 1169 249 discordat
1190 210 1235 248 et
1255 220 1408 255 annus,

352 296 407 323 ne
428 281 584 323 mirere
605 281 651 322 in
673 296 723 323 ea
743 281 991 337 pugnantia
1011 281 1155 323 sidera
1174 284 1311 337 parte.

353 358 400 397 at
420 370 507 397 non
529 355 735 411 Lanigeri
757 356 931 411 signum
954 355 1198 411 Libraeque
1219 358 1470 411 repugnant

228 439 291 470 425
350 430 397 470 in
417 432 574 479 totum,
595 430 700 485 quia
720 444 799 471 uer
819 434 1033 471 autumno
1053 433 1249 485 tempore
1271 429 1421 470 differt

350 503 590 557 (fructibus
609 504 691 545 hoc
711 504 867 559 implet
886 504 1085 553 maturis,
1105 503 1287 545 floribus
1307 503 1437 556 illud)

353 578 428 619 sed
448 578 618 619 ratione
639 578 790 633 parist,
811 578 1011 633 aequatis
1031 582 1158 620 nocte
1179 577 1345 627 diebus,

350 655 634 707 temporaque
655 651 850 693 efficiunt
871 652 1004 693 simili
1026 652 1256 693 concordia
1275 654 1405 693 textu

349 726 678 781 permixtosque
699 725 803 776 dies,
824 726 979 767 mediis
999 726 1188 770 hiemem
1210 726 1326 767 inter
1346 730 1391 767 et
1411 728 1582 767 aestum

226 810 291 842 430
350 800 548 842 articulis
569 815 706 841 unum
729 800 954 842 seruantia
975 803 1213 855 utrumque
1234 806 1440 855 teporem,

220 950 285 982 422
314 955 445 982 natura
475 961 603 989 rerum,
637 962 718 990 non,
752 955 793 983 ut
823 963 856 983 u.
891 952 967 990 416,
1001 952 1178 993 signorum
1209 962 1318 993 genus
1407 961 1522 983 annus
1553 952 1717 994 Scaliger,

175 1011 308 1034 annum
325 1001 406 1034 libri
492 1001 556 1033 423
579 1012 622 1034 ne
639 1006 708 1041 LM,
727 1012 790 1034 nec
812 1006 857 1035 G:
887 1003 968 1034 uide
992 1013 1081 1044 quae
1103 1003 1146 1034 ad
1170 1012 1182 1034 1
1204 1004 1267 1037 557
1285 1007 1321 1035 et
1343 1003 1387 1035 ad
1410 1012 1439 1034 11
1462 1004 1523 1035 201
1549 1003 1719 1036 adnotaui

262 1056 390 1085 mirere
417 1052 490 1092 (ΗΡ,
516 1056 669 1086 minrere
695 1059 737 1086 ut
760 1054 904 1085 uidetur
930 1057 974 1093 M,
1004 1057 1170 1086 miserere
1195 1057 1218 1086 L
1305 1065 1346 1086 ea
1368 1060 1481 1095 parte,
1511 1055 1561 1087 eis
1587 1055 1720 1087 zodiaci

175 1105 304 1137 anniue
319 1105 481 1147 partibus
568 1105 633 1135 424
652 1110 856 1144 repugnant
873 1106 1066 1144 Bentleius,
1084 1110 1262 1144 repugnat
1283 1106 1386 1144 libri;
1411 1107 1587 1138 contrario
1603 1118 1719 1138 errore

175 1160 210 1188 Μ
230 1161 422 1198 repuynant
445 1168 477 1188 u.
492 1157 555 1190 417
578 1168 641 1198 pro
665 1157 844 1199 singulari.
894 1168 963 1188 non
987 1162 1176 1199 utrumque
1195 1158 1331 1199 signum
1358 1169 1552 1199 repugnare
1574 1158 1716 1197 dicitur,

176 1208 270 1250 quod
291 1208 376 1250 quid
397 1209 445 1240 sit
467 1219 570 1250 aegre
593 1209 671 1250 quis
694 1209 889 1250 intellegat,
909 1209 970 1240 sed
993 1209 1061 1240 sibi
1084 1220 1278 1250 repugnare
1302 1210 1479 1251 signorum
1504 1220 1588 1251 par;
1612 1221 1720 1252 quare

175 1259 306 1301 plurali
328 1270 416 1301 opus
439 1264 493 1292 est
579 1260 731 1290 425-430
754 1261 810 1291 hic
831 1264 913 1292 ante
935 1261 1052 1292 onmia
1075 1261 1266 1292 tenendum
1291 1265 1356 1299 est,
1375 1261 1469 1302 quod
1490 1272 1558 1292 non
1575 1261 1719 1293 Iacobos

176 1315 317 1343 tantum
333 1315 369 1343 et
384 1311 563 1343 Breiteros
587 1312 647 1343 sed
669 1312 776 1343 etiam
801 1312 999 1343 Bentleium
1023 1312 1163 1349 fefellit,
1181 1313 1217 1343 in
1242 1312 1295 1344 his
1319 1323 1378 1343 sex
1395 1313 1554 1344 uersibus
1578 1313 1620 1344 de
1637 1324 1720 1345 uere

175 1366 212 1395 et
235 1366 415 1402 autumno,
446 1374 516 1394 non
543 1363 586 1394 de
613 1364 735 1394 Ariete
763 1363 937 1405 Libraque
965 1375 1157 1395 sermonem
1185 1374 1270 1402 esse,
1300 1375 1389 1405 quae
1417 1364 1486 1395 duo
1513 1365 1612 1406 signa
1640 1376 1719 1396 cum

175 1415 270 1446 inter
293 1425 329 1446 se
360 1425 429 1446 non
460 1415 496 1446 in
527 1418 641 1446 totum
675 1426 868 1457 repugnare
901 1415 996 1446 dicta
1020 1416 1091 1446 sint
1130 1427 1162 1447 u.
1186 1417 1261 1454 424,
1295 1416 1370 1447 eius
1408 1416 1457 1447 rei
1492 1427 1596 1448 causa
1626 1428 1718 1448 nunc

174 1467 387 1508 exponitur-3
411 1476 513 1498 uersu
532 1466 670 1497 demum
688 1468 748 1498 431
774 1466 819 1497 ad
835 1467 951 1498 sidera
968 1467 1080 1498 oratio
1104 1467 1198 1498 redit
1215 1468 1412 1508 iterumque
1435 1470 1578 1499 mutuus
1599 1479 1719 1500 eorum

175 1522 467 1550 commemoratur
488 1517 655 1549 affectus:
680 1529 823 1559 prorsus
847 1518 971 1549 itidem
993 1523 1033 1550 ut
1057 1529 1114 1550 uu.
1130 1519 1259 1553 417-22
1283 1519 1433 1560 primum
1450 1519 1583 1551 Cancer
1599 1519 1717 1562 Capri-

174 1580 280 1601 corno
311 1580 506 1611 repugnare
538 1569 681 1608 dicitur,
716 1570 843 1601 deinde
875 1581 979 1601 causa
1011 1571 1264 1611 repugnantiae
1297 1581 1316 1601 a
1343 1570 1467 1602 bruma,
1498 1575 1535 1603 et
1566 1572 1719 1604 solstitio

175 1621 360 1663 repetitur,
397 1625 474 1652 tum
512 1622 672 1663 sequitur
711 1632 749 1652 ne
787 1621 934 1653 mirere.
956 1646 963 1652 .
985 1646 991 1653 .
1008 1622 1204 1662 pugnantia
1238 1622 1353 1653 sidera
1455 1622 1517 1652 425
1555 1628 1719 1655 autumno

175 1673 337 1704 datiuum
354 1683 428 1704 esse
451 1676 487 1704 et
509 1672 771 1704 substantiuum
794 1673 869 1704 dixi
893 1673 938 1704 ad
955 1682 984 1704 11
1000 1674 1073 1705 269.
1125 1684 1187 1704 uer
1208 1679 1243 1704 et
1264 1677 1455 1704 autumnus
1479 1678 1637 1715 tempore
1658 1675 1719 1707 illa

174 1724 316 1766 quidem
341 1724 510 1756 differunt
535 1724 596 1756 sed
621 1725 698 1766 pari
726 1729 809 1756 sunt
834 1724 980 1756 ratione.
1031 1734 1070 1756 IV
1097 1726 1160 1757 338
1189 1735 1262 1766 sqq.
1287 1725 1420 1756 Libra.
1443 1750 1450 1757 .
1472 1750 1478 1757 .
1498 1726 1655 1765 pariter.
1678 1751 1684 1757 .
1707 1752 1713 1759 .

174 1781 340 1817 reqeoztem
360 1776 363 1818 Ι
385 1781 493 1808 nocte-s·
509 1780 610 1817 atque
626 1776 697 1807 <lies
713 1775 849 1807 diuerso
872 1776 907 1807 in
929 1781 1075 1816 tempore
1096 1787 1205 1808 secum
1225 1776 1228 1817 Ι
1252 1776 1463 1816 Lanisserum
1479 1777 1631 1817 sequitur

217 1827 281 1858 426
315 1827 516 1869 parenthesi
546 1827 692 1859 inclusit
722 1827 915 1858 Bechertus
1005 1831 1179 1859 fructibus
1210 1827 1283 1866 GL2,
1317 1830 1482 1859 fluctibus
1511 1832 1569 1860 LM
1658 1830 1717 1861 hoc

174 1881 325 1920 tempus,
344 1879 432 1910 illud
448 1882 607 1920 tempus:
632 1880 706 1910 sine
731 1890 835 1910 causa
856 1879 980 1910 idonea
1003 1879 1068 1917 hic,
1088 1879 1124 1910 id
1148 1884 1201 1910 est
1225 1883 1425 1917 autumnus,
1443 1880 1542 1912 codd.
1553 1881 1718 1913 Vossiani

172 1934 210 1962 et
235 1930 472 1969 Florentiuus,
499 1934 540 1962 ut
564 1930 652 1962 illud
676 1930 720 1961 ad
746 1941 806 1962 uer
831 1930 1003 1962 referatur
1090 1930 1152 1961 427
1179 1933 1258 1969 pari
1284 1935 1339 1962 est
1366 1934 1425 1969 GL,
1453 1935 1575 1969 parest
1596 1936 1630 1964 M

218 1985 358 2020 equatis
375 1981 460 2013 Vrb.
475 1982 549 2020 667,
564 1984 709 2020 xquatis
725 1985 770 2019 M,
790 1985 952 2020 aequalis
974 1985 1032 2019 GL,
1052 1985 1195 2020 aequali
1211 1982 1510 2024 Regiomontanus
1533 1984 1718 2016 usitatiore

174 2033 360 2065 uerborum
388 2036 567 2065 structura
655 2033 718 2063 428
743 2033 886 2074 efficiunt
912 2045 972 2065 uer
995 2037 1031 2065 et
1054 2038 1253 2072 autumnus,
1281 2037 1321 2065 ut
1346 2045 1452 2075 supra
1478 2036 1619 2073 monui;
1648 2047 1717 2067 non

173 2085 266 2116 enim
295 2085 429 2116 Arietis
456 2085 652 2126 Libraeque
683 2095 869 2116 consensus
900 2085 1008 2117 efficit
1035 2089 1074 2117 ut
1102 2085 1184 2116 anni
1214 2089 1444 2127 tempestates
1471 2087 1600 2118 similes
1631 2089 1714 2126 sint,

174 2137 235 2168 sed
266 2136 340 2178 ipse
371 2147 491 2168 earum
518 2136 748 2168 similitudine
780 2136 931 2168 efficitur
1018 2136 1082 2167 429
1108 2137 1298 2176 permixto-s·
1327 2137 1398 2168 dies
1429 2142 1550 2169 contra
1577 2138 1715 2171 Bentlei

175 2188 400 2220 offensionem
431 2191 553 2219 tuetur
585 2189 774 2229 Pingraeus
806 2188 935 2220 collato
966 2197 980 2219 1
1017 2190 1080 2222 579
1115 2188 1202 2219 neris
1233 2193 1260 2219 et
1291 2189 1451 2220 autumni
1480 2200 1619 2221 currens
1653 2202 1717 2231 per

175 2244 330 2280 tempora
359 2239 492 2271 mixta:
532 2239 622 2270 adde
650 2239 751 2271 Lucr.
780 2249 819 2270 VI
850 2240 911 2273 371
945 2250 994 2281 sq.
1022 2240 1115 2271 calor
1142 2245 1309 2271 extremus
1333 2240 1450 2280 primo
1481 2251 1557 2272 cum
1577 2242 1715 2282 friyore

173 2291 301 2323 mixtus
319 2291 324 2332 Ι
345 2291 508 2330 uoluitur,
542 2291 700 2322 aucumozz'
730 2291 820 2332 quod
849 2291 969 2331 fertur
998 2291 1131 2322 nomine
1166 2296 1306 2332 tempus,
1335 2291 1430 2323 Stob.
1459 2292 1520 2324 ecl.
1549 2302 1562 2324 Ι
1589 2304 1621 2334 p.
1651 2294 1715 2326 262

174 2342 364 2385 Chrysippi
389 2343 600 2375 sententiam
628 2345 683 2383 ἔαρ
708 2345 802 2374 ἕτουσ
830 2345 911 2383 ὥραν
941 2344 1134 2382 κεκραμένην
1161 2346 1195 2374 ἐκ
1220 2345 1381 2382 χειμῶνοσ
1408 2346 1636 2384 ἀπολήγοντοσ
1663 2348 1715 2377 καὶ

175 2395 288 2435 θέρουσ
304 2396 482 2435 ἀρχομένου
499 2419 506 2426 .
528 2419 535 2426 .
557 2419 563 2426 .
584 2396 768 2434 μετόπωρον
787 2396 819 2425 δὲ
837 2397 918 2434 ὥραν
942 2397 1035 2425 ἕτουσ
1051 2397 1108 2432 τὴν
1129 2396 1210 2432 μετὰ
1233 2396 1326 2435 θέροσ
1347 2396 1403 2432 μὲν
1421 2397 1481 2435 πρὸ
1497 2398 1659 2435 χειμῶνοσ·
1681 2399 1715 2428 δὲ

174 2447 369 2487 κεκραμένην
471 2445 535 2476 430
580 2455 690 2477 unum
734 2445 926 2484 Bentleius,
968 2455 1038 2477 uno
1082 2445 1164 2477 libri
1271 2450 1460 2484 utrumque
1504 2451 1663 2485 teporem
1678 2450 1712 2487 ἦ,

173 2500 352 2536 utrimque
373 2501 531 2529 tenorem
553 2497 621 2528 iam
642 2497 836 2535 Bentleius,
855 2501 1014 2535 tempore
1037 2501 1227 2535 utrumque
1251 2497 1343 2528 libri.
1393 2499 1496 2529 unius
1518 2510 1552 2530 m
1573 2499 1714 2532 litterae

174 2549 413 2590 transpositio,
447 2559 516 2590 qua
551 2549 637 2580 item
669 2549 704 2579 in
739 2548 881 2580 scholiis
915 2548 1150 2580 Bernensibus
1189 2549 1321 2580 Lucani
1358 2558 1429 2580 VIII
1467 2551 1530 2582 365
1568 2555 1714 2591 tempore

174 2601 344 2641 scriptum
376 2605 430 2632 est
460 2611 524 2642 pro
563 2605 720 2640 teporem,
759 2600 844 2631 fecit
874 2603 915 2631 ut
947 2604 982 2631 et
1012 2600 1200 2631 uerborum
1235 2600 1319 2632 ordo
1350 2603 1387 2632 et
1417 2612 1515 2632 casus
1546 2602 1714 2635 adiectiui

174 2651 365 2683 mutandus
392 2655 491 2683 esset.
540 2651 582 2683 de
610 2652 741 2682 rariore
765 2652 828 2682 hac
857 2652 892 2682 iu
924 2654 1051 2693 quarto
1077 2651 1166 2693 pede
1193 2651 1336 2683 elisione
1365 2652 1444 2683 uide
1476 2662 1504 2684 ΙΙ
1532 2655 1593 2685 184
1616 2655 1714 2686 sentit

174 2703 258 2744 quia
288 2708 424 2743 uterque
462 2703 617 2741 calorem,
649 2704 723 2741 704,
754 2712 793 2734 IV
824 2704 898 2740 466,
929 2704 993 2736 474
1027 2703 1171 2743 ,septima
1205 2703 1337 2734 inutilis
1370 2709 1474 2736 aestu.
1534 2709 1713 2747 utrumque

173 2755 393 2786 nominatiuo
418 2765 511 2792 casu,
537 2758 573 2785 et
597 2766 660 2786 uer
687 2760 722 2785 et
750 2757 940 2786 autumnus
969 2755 1146 2793 (similiter
1173 2755 1273 2786 Lucr.
1294 2764 1333 2786 VI
1358 2756 1422 2786 499
1445 2766 1494 2797 sq.
1515 2757 1710 2799 rarumque}

175 2811 204 2837 et
227 2806 328 2837 ‘'tube-3
351 2810 380 2837 ec
403 2808 556 2846 aquam),
583 2817 660 2837 cum
685 2806 864 2847 participii
888 2806 1017 2847 plurali
1041 2807 1267 2837 coniunctum
1294 2811 1347 2838 est
1371 2810 1411 2838 ut
1435 2807 1520 2839 Hor.
1536 2819 1636 2840 serm.
1656 2818 1669 2840 1
1694 2810 1714 2841 5

173 2858 215 2889 28
240 2868 290 2899 sq.
310 2857 405 2889 missi
428 2857 562 2898 maynis
588 2858 628 2889 de
655 2857 751 2889 rebus
776 2863 912 2898 uterque
933 2857 936 2898 Ι
958 2858 1070 2898 leym.
1125 2860 1219 2889 recte
1246 2858 1395 2890 fortasse
1421 2858 1481 2890 sed
1509 2860 1582 2891 sine
1609 2871 1713 2893 causa
