1931 3202
230 135 254 172 {0

259 134 283 172 Ν)

828 132 889 174 Μ.
921 131 1173 174 MANILII

399 246 478 284 aut
499 242 646 284 uicina
667 242 771 291 loco,
792 241 937 282 diuisa
957 244 1037 283 aut
1057 241 1259 297 partibus
1279 240 1444 296 aequis,

278 326 341 357 215
400 317 548 358 omnia
569 316 778 358 dicuntur
799 315 932 357 simili
954 315 1037 356 sub
1058 318 1174 356 sorte
1196 315 1367 356 diurna.

401 394 556 439 cetera,
578 390 646 431 uel
669 404 852 430 numero
873 389 1093 431 consortia
1114 389 1184 430 uel
1207 389 1301 430 uice
1324 388 1448 437 sedis,

401 464 632 505 interiecta
652 463 757 505 locis
778 462 975 512 totidem,
998 467 1216 504 nocturna
1237 462 1456 504 feruntur.

401 538 506 592 quin
529 538 661 579 etiam
684 551 759 578 sex
782 537 1002 578 continuis
1024 537 1175 578 dixere
1198 536 1382 578 diurnas

400 626 490 653 esse
512 611 630 652 uices
650 611 793 659 astris,
815 625 926 665 quae
947 614 1052 652 sunt
1073 625 1099 652 a
1120 610 1318 666 principe
1339 610 1466 665 signo

276 694 341 725 220
400 684 618 740 Lanigeri,
638 699 715 726 sex
736 699 763 725 a
784 684 918 726 Libra
938 688 1155 726 nocturna
1176 684 1330 726 uideri.

400 761 504 801 sunt
525 759 685 814 quibus
706 773 797 800 esse
818 759 979 800 diurna
999 759 1143 815 placet
1165 773 1276 814 quae
1301 758 1496 800 mascula
1518 761 1721 814 surgunt,

399 832 636 874 femineam
657 836 819 875 sortem
841 833 953 875 tutis
972 833 1165 889 gaudere
1186 832 1390 874 tenebris.

228 1026 419 1066 Bentleius,
435 1029 534 1061 cuius
550 1029 682 1062 formae
698 1031 734 1062 in
751 1030 987 1062 enumerando
1003 1031 1138 1072 positae
1154 1031 1291 1063 nullum
1307 1030 1505 1073 exemplum
1521 1033 1635 1062 metro
1651 1031 1771 1061 tutum

227 1078 321 1121 apud
337 1083 458 1121 poetas
474 1080 620 1113 Latinos
636 1083 775 1124 repperi
862 1085 899 1114 et
919 1083 1035 1124 priore
1059 1082 1134 1114 loco
1151 1082 1231 1114 add.
1252 1082 1327 1114 cod.
1349 1082 1581 1121 Monacensis,
1601 1092 1667 1113 om.
1687 1084 1772 1113 ΘΒΜ

313 1133 387 1162 acri
403 1135 558 1170 scorpios
575 1132 740 1174 Scaliger,
759 1135 878 1165 cancri
893 1136 1056 1172 scorpion
1072 1133 1152 1165 libri
1241 1133 1306 1164 214
1331 1134 1445 1165 uicina
1461 1133 1536 1165 loco
1555 1136 1639 1165 suut
1654 1132 1772 1164 Pisces

228 1180 354 1220 Arieti,
370 1181 502 1215 Cancer
514 1183 634 1222 Leoni,
655 1184 819 1226 Scorpius
836 1184 1030 1226 Sagittario
1044 1197 1052 1223 ;
1077 1185 1197 1227 aequis
1213 1184 1385 1226 partibus,
1405 1185 1469 1216 hoc
1486 1188 1540 1216 est
1554 1183 1647 1216 binis
1663 1183 1772 1225 signis

228 1232 434 1273 interiectis,
453 1234 566 1266 diuisa
590 1238 674 1267 sunt
690 1237 792 1267 Aries
808 1247 828 1267 a
845 1235 990 1275 Cancro,
1010 1236 1080 1268 Leo
1103 1247 1123 1267 a
1145 1236 1299 1278 Scorpio,
1320 1236 1535 1278 Sagittarius
1555 1247 1576 1267 a
1598 1235 1767 1267 Piscibus.

228 1283 406 1317 intellexit
420 1285 574 1328 Scaliger
661 1286 724 1318 215
748 1287 855 1319 simili
869 1287 928 1319 sub
944 1293 1042 1325 sorte,
1058 1289 1122 1320 243
1134 1289 1220 1328 pari
1231 1287 1290 1320 sub
1306 1292 1392 1320 sorte
1480 1287 1545 1318 216
1567 1290 1646 1319 uel.
1665 1311 1672 1319 .
1689 1311 1697 1319 .
1713 1289 1773 1318 uel

229 1335 409 1368 Breiterus
425 1337 462 1368 in
477 1337 595 1370 Fleck.
616 1339 732 1370 annal.
752 1339 821 1370 uol.
845 1340 906 1371 139
922 1349 955 1381 p.
979 1340 1049 1376 199,
1068 1349 1129 1371 sex
1145 1364 1153 1371 .
1174 1364 1182 1371 .
1203 1364 1211 1371 .
1231 1343 1290 1371 uel
1310 1340 1379 1371 iam
1395 1339 1526 1381 Fayus,
1543 1348 1607 1371 nec
1624 1363 1631 1370 .
1653 1363 1660 1370 .
1681 1363 1688 1370 .
1708 1347 1772 1370 nec

227 1386 325 1425 libri;
350 1399 490 1420 uersum
512 1394 593 1431 post
608 1390 673 1421 222
699 1391 839 1422 traiecit
860 1390 1068 1430 Bullialdus,
1088 1391 1221 1422 deleuit
1241 1391 1434 1423 Bentleius.
1483 1391 1536 1422 uel
1557 1393 1594 1422 et
1614 1400 1672 1422 nec
1693 1400 1771 1422 con-

228 1438 306 1470 fusa
321 1443 406 1471 sunt
421 1441 529 1472 etiam
545 1441 649 1483 Prop.
668 1450 697 1473 11
712 1442 755 1474 20
771 1443 820 1481 10,
837 1441 939 1474 Ouid.
954 1446 1036 1474 met.
1054 1451 1078 1474 X
1091 1444 1144 1481 21,
1161 1443 1251 1474 Stat.
1268 1443 1346 1474 silu.
1364 1451 1404 1474 IV
1420 1443 1440 1475 9
1452 1443 1506 1481 40,
1521 1442 1630 1474 Mart.
1646 1451 1671 1473 v
1682 1442 1725 1474 49
1738 1443 1769 1480 5,

228 1499 285 1522 xn
311 1492 353 1523 48
380 1492 412 1531 8,
437 1491 516 1524 qu.
543 1502 585 1524 XI
609 1494 661 1527 57.
711 1494 787 1525 uel.
810 1518 817 1525 .
839 1518 846 1526 .
866 1494 920 1525 uel
947 1494 1014 1531 hic,
1039 1497 1081 1525 ut
1105 1505 1219 1536 saepe,
1246 1495 1307 1526 uix
1334 1494 1502 1526 differunt
1524 1493 1568 1525 ab
1595 1498 1625 1524 ec
1642 1518 1649 1525 .
1671 1517 1678 1525 .
1699 1517 1707 1525 .
1728 1498 1768 1525 ec.

228 1545 344 1573 cetera
359 1543 469 1585 signa,
488 1554 578 1585 quae
593 1548 630 1576 et
646 1555 828 1576 numerum
852 1547 924 1584 (sex
947 1546 1039 1577 enim
1061 1548 1157 1585 sunt)
1175 1549 1212 1578 et
1235 1547 1347 1577 uicem
1369 1545 1461 1577 sedis
1483 1547 1578 1584 (nam
1594 1544 1677 1577 bina
1692 1555 1770 1577 cum

228 1592 319 1625 binis
335 1594 526 1635 alternant)
544 1606 622 1627 cum
639 1596 775 1628 diurnis
791 1596 899 1638 signis
915 1607 1132 1628 communem
1150 1597 1291 1636 habent,
1313 1597 1462 1629 totidem
1479 1597 1563 1628 locis
1586 1596 1772 1628 interiecta

227 1648 316 1686 quot
338 1645 422 1677 locis
445 1646 507 1678 illa
529 1647 715 1679 interiecta
736 1651 830 1687 sunt,
850 1648 915 1680 hoc
936 1651 991 1680 est
1014 1648 1138 1687 tribus,
1162 1649 1325 1681 feruntur
1345 1653 1528 1681 nocturna.
1577 1648 1662 1680 haec
1683 1647 1771 1680 mihi

227 1697 433 1738 exponenda
457 1698 602 1740 reliquit
626 1699 817 1739 Breiterus,
836 1701 897 1742 qui
921 1703 962 1731 ut
983 1709 996 1731 1
1019 1700 1082 1732 398
1099 1711 1148 1742 sq.
1170 1700 1220 1732 ita
1243 1700 1309 1732 hoc
1332 1700 1407 1732 loco
1431 1700 1467 1732 in
1491 1699 1770 1732 emendationem

227 1748 353 1780 incidit
379 1749 601 1790 imprudens3
641 1751 716 1792 ipse
743 1751 836 1782 enim
864 1751 1034 1783 consorcia
1061 1751 1153 1783 dixit
1180 1762 1254 1784 esse
1284 1752 1475 1784 ‘consortia
1500 1752 1552 1784 als
1578 1751 1770 1790 noccumza,’

227 1809 367 1831 uersum
390 1801 455 1832 214
478 1801 733 1844 interpretatus
756 1806 810 1834 est
832 1803 1106 1844 peruersissime,
1133 1803 1242 1835 uerba
1264 1804 1318 1835 uel
1340 1814 1480 1835 numero
1507 1803 1560 1835 uel
1585 1803 1659 1835 uice
1682 1803 1771 1835 sedis

227 1852 369 1883 omnino
392 1851 523 1884 oblitus
546 1857 601 1885 est
622 1853 860 1895 interpretari.
910 1855 1029 1896 itaque
1052 1858 1188 1896 postea,
1211 1854 1304 1897 quod
1328 1866 1410 1887 casu
1433 1855 1630 1893 inuenerat,
1649 1854 1772 1886 iudicii

227 1912 343 1934 errore
359 1903 526 1943 deseruit,
546 1908 586 1936 ut
602 1905 838 1937 coniecturam
855 1916 958 1938 sensu
979 1917 1127 1938 uacuam
1145 1917 1231 1938 nunc
1249 1931 1257 1938 .
1277 1931 1284 1938 .
1307 1931 1313 1939 .
1333 1917 1422 1939 nunc
1439 1906 1564 1938 Ellisio
1579 1907 1772 1948 surriperet

314 1953 378 1985 218
402 1955 545 1996 quidam
561 1957 665 1988 etiam
681 1957 718 1989 F.
739 1957 864 1989 Iunius
880 1968 950 1989 non
967 1958 1041 1989 sine
1057 1958 1182 1999 specie.
1230 1958 1377 1990 fuerunt
1393 1959 1454 2000 qui
1470 1958 1597 1990 diurna
1613 1957 1772 1989 dicerent

230 2005 264 2036 in
292 2006 419 2047 quibus
442 2007 513 2038 sole
540 2008 712 2040 collocato
743 2008 817 2040 dies
843 2012 947 2040 nocte
977 2009 1113 2051 longior
1136 2013 1199 2048 est,
1231 2011 1390 2041 Arietem
1421 2010 1575 2041 Taurum
1606 2009 1771 2041 Geminos

230 2056 403 2089 Cancrum
433 2058 584 2090 Leonem
611 2059 804 2101 Virginem,
836 2060 972 2102 reliqua
1002 2065 1185 2093 nocturna.
1246 2061 1425 2094 C.C.A.G.
1452 2070 1493 2093 1v
1518 2072 1552 2103 p.
1574 2062 1637 2093 152
1665 2062 1772 2093 18-20

229 2109 360 2149 ὴμερινὰ
373 2110 477 2150 Κριὸσ
488 2112 650 2151 Σκορπὶοσ
665 2111 783 2150 (immo
799 2114 936 2153 Ταῦροσ)
952 2114 1081 2151 Δίδυμοι
1099 2114 1264 2154 Καρκίνοσ
1280 2114 1369 2144 Λέων
1387 2114 1566 2154 Παρθένοσ.
1609 2114 1771 2154 νυκτερινὰ

230 2161 337 2200 Ζυγὸσ
364 2162 527 2202 Σκορπίοσ
554 2164 693 2202 Τοξότησ
719 2165 904 2204 Αἰ-γόκερωσ
928 2163 1106 2205 Ὕδροχόοσ
1129 2164 1261 2204 Ἰχθύεσ
1351 2163 1416 2194 219
1442 2167 1551 2197 astris
1576 2164 1769 2203 Bentleius,

229 2215 358 2243 castris
380 2212 472 2252 libri,
492 2224 581 2255 quae
604 2214 791 2246 translatio
811 2226 916 2256 quam
940 2216 1119 2247 commode
1142 2216 1303 2248 adhibita
1323 2225 1353 2247 11
1370 2216 1433 2248 963
1449 2226 1499 2258 sq.
1520 2216 1634 2248 aliena
1657 2226 1768 2257 capes-

229 2268 305 2294 sunt
325 2264 329 2305 Ι
350 2274 455 2304 regma
483 2269 512 2297 et
538 2265 574 2297 in
598 2266 743 2298 externis
766 2266 943 2298 subsidunt
969 2267 1105 2308 hospita
1129 2267 1249 2299 castris
1273 2270 1346 2299 tam
1370 2267 1435 2299 hoc
1459 2267 1534 2299 loco
1558 2268 1679 2309 inepta
1702 2269 1766 2300 est.

230 2314 266 2346 in
282 2315 413 2347 Auson.
433 2316 497 2348 369
512 2317 555 2349 28
572 2317 681 2359 (Peip.
701 2328 735 2359 p.
756 2318 823 2357 96),
842 2329 944 2360 quem
964 2329 1103 2350 uersum
1120 2319 1275 2361 Scaliger
1290 2318 1427 2357 attulit,
1445 2324 1561 2351 castra
1581 2319 1770 2350 stationem

230 2366 406 2407 significat
432 2367 514 2399 solis
537 2379 599 2410 per
625 2369 804 2401 zodiacum
831 2370 900 2401 iter
926 2370 1087 2402 facientis
1178 2370 1243 2401 220
1267 2373 1361 2402 libra
1387 2373 1432 2409 M,
1457 2373 1559 2402 libris
1585 2373 1645 2409 GL,
1671 2370 1770 2402 cuius

231 2418 357 2450 erroris
370 2429 507 2450 causam
525 2421 690 2462 aperiunt
706 2420 813 2453 uerba
829 2422 864 2452 in
877 2424 911 2453 Μ
923 2425 959 2452 et
974 2425 998 2453 L
1013 2422 1062 2453 sic
1078 2432 1259 2464 perperam
1273 2421 1398 2460 diuisa,
1410 2422 1574 2462 laniyeris
1585 2432 1626 2454 ea:
1641 2421 1767 2461 alibra,

229 2469 392 2509 lanisleris
421 2471 605 2510 exalibris3
644 2476 685 2503 ut
715 2472 898 2504 abicienda
927 2474 975 2505 sit
1005 2474 1206 2505 coniectura
1237 2472 1426 2505 admodum
1456 2474 1635 2514 ingeniosa
1664 2484 1770 2516 quam

231 2520 411 2553 Bentleius
435 2525 469 2553 M
491 2523 646 2554 nondum
670 2524 815 2555 inuento
838 2524 1038 2565 protulerat
1060 2525 1195 2563 chelis,
1214 2524 1250 2556 id
1274 2528 1328 2556 est
1347 2525 1425 2556 stis
1513 2525 1575 2555 221
1599 2525 1664 2556 222
1687 2524 1770 2557 uide

234 2573 347 2604 151-4.
398 2573 482 2605 haec
507 2574 698 2606 Ptolemaei
722 2576 900 2607 sententia
925 2580 990 2615 est,
1018 2579 1099 2609 tetr.
1125 2587 1158 2618 p.
1184 2577 1204 2609 9
1231 2576 1283 2608 ed.
1311 2576 1444 2608 Camer.
1472 2587 1526 2608 an.
1556 2577 1639 2609 1535

272 2623 333 2654 221
357 2628 516 2657 mascula
531 2636 596 2657 om.
617 2629 651 2657 M
738 2626 803 2657 222
825 2629 1014 2659 femineam
1031 2627 1196 2670 Scaliger,
1215 2630 1367 2659 feminea
1381 2630 1419 2659 in
1435 2628 1547 2667 GL2M‚
1566 2631 1720 2660 feminea
1734 2631 1768 2667 L,

221 2674 411 2714 femineam
434 2675 470 2708 in
492 2676 567 2708 cod.
588 2677 808 2710 Monacensis
901 2682 1033 2710 sortem
1054 2679 1247 2718 Bentleius,
1265 2683 1402 2711 noctem
1424 2679 1527 2711 libri:
1555 2679 1619 2712 205
1642 2684 1769 2711 noctem

230 2725 304 2757 cod.
320 2726 478 2759 Cusanus
501 2739 564 2770 pro
586 2733 718 2767 sortem,
743 2729 825 2761 uide
848 2731 955 2761 etiam
978 2731 1052 2762 958.
1099 2730 1280 2762 Bentleius
1303 2730 1492 2772 adscripsit
1514 2730 1616 2763 Ouid.
1632 2734 1713 2763 met.
1728 2739 1768 2764 VI

230 2777 293 2810 679
316 2783 476 2818 quattuor
502 2779 558 2811 ille
586 2779 722 2820 quidem
746 2780 881 2812 iuuenes
908 2781 1109 2822 totidemque
1134 2787 1268 2813 crearat,
1288 2783 1292 2822 1
1305 2782 1478 2822 femineae
1501 2782 1611 2821 sortis,
1637 2791 1676 2814 IX
1704 2783 1767 2817 676

229 2834 329 2869 utque
345 2840 476 2862 marem
496 2831 641 2872 parias:
664 2831 836 2864 onerosior
856 2833 967 2864 altera
988 2843 1059 2864 sors
1080 2838 1126 2865 est
1235 2833 1326 2865 lucis.
1357 2836 1439 2865 ‘cur
1459 2838 1578 2865 autem
1602 2833 1767 2866 tenebrae

229 2879 304 2911 luce
335 2880 524 2914 tutiores?'
563 2882 754 2915 Bentleius.
818 2894 942 2925 nempe
973 2885 1055 2926 quia
1089 2884 1233 2916 feminei
1263 2895 1366 2916 sexus
1403 2885 1597 2927 nequitiam
1628 2885 1767 2918 celant:
