1931 3202
220 105 247 142 4
820 102 882 145 M.
914 102 1164 145 MANILII

395 218 439 255 et
460 214 590 255 chaos
611 213 791 255 enixum
813 218 954 255 terras
974 213 1211 270 orbemque
1234 214 1316 256 sub
1337 215 1412 256 illo

395 286 612 329 infantem
635 291 679 330 et
700 287 864 343 primos
885 287 1132 330 titubantia
1152 287 1296 330 sidera
1316 302 1469 331 cursus

294 371 333 402 15
393 361 661 417 Titanasque
682 375 817 410 senes,
840 361 960 403 Iouis
981 366 1025 403 et
1045 362 1265 404 cunabula
1285 362 1435 418 magni

394 439 438 477 et
458 435 540 477 sub
562 435 700 477 fratre
723 435 809 476 uiri
830 449 1001 483 nomen,
1022 435 1116 477 sine
1137 440 1278 478 matre
1299 436 1507 492 parentis,

390 513 522 565 atque
543 509 704 550 iterum
725 509 871 565 patrio
891 512 1143 551 nascentem
1164 524 1342 566 corpore
1363 510 1597 560 Bacchum,

288 591 331 624 23
389 583 688 638 siluarumque
709 582 812 625 deos
833 585 1090 639 sacrataque
1111 584 1295 626 numina
1315 584 1536 641 nymphis.

215 707 299 740 Hes.
328 707 444 750 theog.
478 707 582 741 105-7
611 707 780 738 ἀθανάτων
804 708 885 748 ἱερὸν
907 709 1007 748 γένοσ
1030 709 1097 739 αἰὲν
1124 709 1251 747 ἐόντων,
1274 710 1278 748 Ι
1301 710 1329 740 οἳ
1354 710 1424 747 Γῆσ
1446 708 1475 739 τ’
1499 710 1683 748 ἐξεγένοντο
1706 711 1760 741 καὶ

215 761 357 799 Οὐρανοῦ
377 760 587 799 ἀστερόεντοσ
606 759 610 800 Ι
632 760 762 791 Νυκτόσ
780 771 815 790 τε
838 760 1010 800 δνοφερῆσ,
1034 762 1092 791 οὕσ
1113 759 1142 791 θ’
1162 760 1306 800 ἀλμυρὸσ
1325 762 1439 801 ἔτρεφε
1464 761 1596 792 Πόντοσ
1718 760 1758 791 13

213 811 314 843 chaos
348 811 485 842 enixum
518 815 639 849 terras,
669 810 784 852 theog.
818 811 878 842 111
912 821 960 852 sq.
992 813 1063 850 ἤτοι
1092 813 1150 849 μὲν
1181 813 1347 852 πρώτιστα
1377 813 1470 843 Χάοσ
1507 811 1625 852 γένετ’,
1658 813 1760 853 αὐτὰρ

215 865 326 894 ἔπειτα
345 862 349 902 Ι
371 861 444 893 Γαῖ’
470 863 686 903 εὐρύστερνοσ.
735 862 794 894 sub
818 862 887 901 illo,
911 862 997 894 Hor.
1024 863 1125 904 epist.
1153 871 1182 894 11
1210 864 1225 894 1
1243 863 1285 895 99
1306 862 1366 895 sub
1382 863 1512 895 nutrice
1535 864 1651 905 puella
1666 864 1758 897 uelut

213 913 243 945 .ςὶ
258 913 386 945 luderet
403 913 532 954 infans,
555 913 661 945 Aetn.
687 914 752 945 595
772 913 831 945 sub
854 918 945 946 truce
966 924 1055 946 nunc
1073 914 1183 954 parui
1202 914 1354 946 ludentes
1377 914 1534 947 Colchide
1552 915 1629 947 nati
1717 915 1759 946 14

213 974 336 996 cursus
367 964 570 1003 Bechertus,
599 973 727 1003 corpus
754 964 846 1003 libri,
872 970 1000 1006 partus
1027 965 1220 1004 Bentleffis,
1245 965 1402 1006 primum
1419 990 1426 998 .
1448 990 1456 997 .
1478 990 1485 998 .
1505 976 1628 1006 corpus
1653 966 1753 999 codd.

212 1016 285 1048 Pal.
306 1022 342 1047 et
357 1015 436 1048 Par.
485 1015 601 1057 theog.
624 1017 685 1048 126
702 1026 752 1058 sq.
773 1018 854 1048 Γαΐα
872 1017 906 1048 δέ
921 1028 971 1048 τοι
988 1019 1112 1057 πρῶτον
1133 1019 1192 1055 μὲν
1215 1019 1362 1056 ἐγείνατο
1383 1019 1452 1048 ἶσον
1473 1017 1570 1058 ἑαυτῇ
1589 1018 1594 1059 Ι
1616 1019 1758 1059 Οὐρανὸν

212 1069 414 1108 ἀστερόεντα,
444 1070 482 1099 at
505 1067 567 1099 381
592 1077 642 1109 sq.
674 1072 755 1109 post
780 1070 907 1099 uentos
935 1069 1055 1108 ἀστέρα
1081 1069 1187 1099 τίκτεν
1211 1067 1397 1109 Ἑωσφόρον
1425 1068 1610 1109 Ἠριγένεια
1629 1069 1634 1110 Ι
1655 1071 1759 1110 ἄστρα

211 1131 246 1150 τε
272 1120 519 1157 λαμπετόωντα,
548 1120 590 1150 τά.
616 1118 645 1150 τ’
674 1120 809 1160 οὐρανὸσ
837 1121 1068 1158 ἐστεφάνωται.
1118 1119 1285 1151 Becherti
1315 1120 1552 1152 coniecturam
1578 1131 1648 1152 non
1683 1123 1757 1153 tam

210 1169 358 1212 Vergilii
380 1170 477 1202 locus
493 1171 581 1202 Aen.
601 1179 626 1201 V
641 1170 703 1202 331
721 1180 771 1212 sq.
792 1170 936 1211 nestiyia
952 1181 1071 1211 presso
1090 1171 1096 1211 Ι
1117 1171 1201 1202 haut
1218 1171 1323 1202 tenuit
1343 1171 1491 1203 titubata
1506 1172 1575 1204 solo
1596 1171 1759 1205 defendit

211 1221 353 1261 (nedum
381 1223 469 1253 Aen.
501 1230 526 1253 x
557 1223 620 1254 283
647 1221 834 1263 eyressique
861 1222 979 1254 labant
1004 1222 1150 1263 uestissia
1173 1222 1306 1263 prima,
1336 1222 1398 1255 ubi
1425 1223 1504 1265 plus
1531 1223 1758 1256 auctoritatis

210 1273 317 1305 habet
340 1273 490 1314 eqressz's)
515 1284 620 1315 quam
643 1274 731 1305 Aen.
759 1282 815 1305 XII
839 1274 902 1306 386
926 1274 1074 1306 alternos
1097 1274 1198 1314 Zonya
1220 1274 1379 1306 nitentem
1402 1275 1540 1315 cuspide
1561 1285 1694 1315 ,qresszcs
1721 1281 1758 1308 et

209 1325 288 1357 Val.
323 1325 374 1356 Fl.
409 1334 438 1357 11
470 1326 512 1357 93
541 1325 689 1356 alternos
719 1335 821 1366 aeqro
852 1330 1062 1358 cunctantem
1087 1326 1216 1366 poplite
1247 1336 1380 1366 ssresszts
1470 1325 1509 1356 15
1540 1328 1632 1358 iouis
1659 1330 1696 1359 et
1718 1330 1755 1365 G,

207 1379 342 1408 iuuisse
368 1379 436 1409 LM.
485 1376 602 1409 Germ.
633 1376 757 1418 phaen.
789 1378 832 1409 34
862 1388 912 1418 sq.
937 1376 1037 1418 fidae
1067 1377 1202 1409 comites
1230 1377 1350 1418 prima
1380 1377 1589 1410 incunabula
1618 1377 1756 1420 maynil

199 1428 368 1469 fonerunt
396 1428 504 1467 Iouis,
532 1427 635 1460 Ouid.
667 1432 749 1460 met.
780 1437 853 1460 &⁷111
882 1429 924 1460 99
950 1428 1046 1460 Ionis
1073 1428 1282 1461 incunabula
1311 1429 1442 1467 Creten,
1475 1429 1594 1461 Pacat.
1630 1440 1753 1472 paneg.

209 1479 340 1512 Theod.
360 1481 381 1511 4
396 1481 417 1512 5
439 1485 534 1512 terra
551 1479 720 1512 Cretensis
733 1480 843 1521 parui
859 1480 954 1512 Iouis
970 1479 1122 1520 ῃῐοτίαία
1143 1480 1320 1512 cunabulis
1410 1480 1450 1512 16
1472 1480 1593 1512 Iouem
1610 1481 1758 1514 Iunonis

208 1531 354 1563 fratrem
378 1531 527 1563 eundem
551 1534 587 1563 et
610 1532 736 1570 uirum,
765 1531 949 1563 Mineruae
972 1535 1110 1573 patrem
1133 1536 1246 1563 matre
1270 1532 1422 1564 carentis
1514 1536 1629 1565 matre
1653 1532 1681 1565 Ι.
1713 1533 1751 1565 L.

209 1583 348 1625 Hugius
372 1583 408 1614 in
432 1584 727 1615 commentatione
751 1582 795 1614 de
818 1583 967 1615 Hesiodi
992 1584 1101 1624 ἕργοισ
1126 1585 1287 1624 μεγάλοισ
1311 1594 1365 1615 an.
1396 1584 1480 1616 1835
1502 1594 1535 1625 p.
1566 1585 1616 1623 10,
1641 1587 1756 1616 fratre

208 1635 302 1673 libri,
334 1634 481 1676 proinde
506 1635 606 1676 quasi
631 1634 696 1666 hoc
721 1645 852 1666 nouum
880 1635 927 1666 sit
952 1645 992 1667 ac
1023 1636 1202 1667 mentione
1233 1635 1389 1677 dignum,
1424 1636 1498 1667 sine
1528 1635 1651 1667 fratris
1676 1647 1754 1668 con-

208 1686 330 1718 cubitu
370 1686 533 1717 feminam
573 1687 759 1728 peperisse.
823 1686 976 1718 Vulcani
1013 1687 1122 1728 origo,
1156 1697 1259 1728 quam
1284 1686 1474 1728 significari
1500 1691 1642 1728 putant,
1676 1687 1754 1719 ideo

208 1737 375 1769 notabilis
391 1737 462 1769 fuit
477 1737 560 1779 quia
576 1748 656 1769 eum
676 1741 789 1769 mater
811 1738 951 1779 peperit
971 1737 1042 1769 sine
1063 1737 1139 1769 niro
1160 1739 1235 1769 siue
1259 1738 1408 1778 coniuye,
1427 1738 1496 1777 uel,
1515 1739 1609 1780 quod
1632 1739 1754 1771 eodem

208 1791 302 1823 redit
317 1791 505 1833 quodque'
496 1801 532 1822 in
555 1791 720 1822 lemmate
744 1791 877 1833 primae
899 1791 1066 1823 editionis
1089 1791 1334 1833 Scaligeranae
1355 1792 1510 1830 inuenio,
1529 1792 1599 1824 sine
1618 1797 1751 1833 patre,

207 1843 322 1885 theog.
337 1844 399 1877 927
416 1842 505 1883 ῑἨρη
527 1842 568 1874 δ”
570 1842 750 1882 Ἠφαιστον
769 1843 884 1874 κλυτὸν
905 1845 940 1874 οὐ
956 1844 1103 1882 φιλότητι
1119 1845 1250 1883 μιγεῖσα
1271 1843 1275 1884 Ι
1296 1844 1440 1883 γείνατο,
1460 1846 1512 1874 καὶ
1528 1845 1686 1883 ζαμένησε
1702 1846 1755 1876 καὶ

208 1897 296 1935 ἤρισε
313 1893 336 1935 ᾦ
353 1895 540 1935 παρακοίτῃ.
590 1905 712 1926 uerum
734 1905 812 1926 cum
833 1894 883 1926 sic
907 1895 995 1926 satis
1011 1894 1229 1927 incommode
1251 1895 1363 1926 oratio
1383 1906 1403 1926 a
1419 1894 1505 1926 Ioue
1521 1896 1565 1927 ad
1582 1895 1754 1928 Iunonem

207 1947 363 1989 digressa.
389 1957 509 1978 rursus
536 1957 639 1978 uersu
666 1946 864 1988 insequenti
887 1945 932 1977 ad
961 1946 1086 1978 Iouem
1113 1950 1315 1978 reuertatur
1339 1957 1409 1978 non
1434 1946 1560 1979 dubito
1586 1948 1673 1989 quin
1698 1958 1753 1979 res

207 1998 302 2030 haud
318 1998 422 2040 paulo
439 1998 611 2030 illustrior
628 1998 684 2030 hic
700 1997 900 2040 significata
923 1998 982 2037 sit,
1000 2009 1106 2039 quam
1130 1999 1417 2030 commemorauit
1439 1998 1616 2030 Hesiodus
1632 1999 1748 2041 theog.

207 2051 270 2083 924
289 2051 389 2082 αὐτὸσ
411 2050 437 2081 δ’
460 2052 494 2081 ἐκ
517 2052 666 2089 κεφαλῆσ
688 2051 900 2090 γλαυκώπιδα
922 2051 1142 2090 Τριτογένειαν
1159 2074 1166 2082 .
1188 2075 1195 2082 .
1218 2074 1225 2082 .
1244 2051 1385 2089 γείνατο.
1434 2050 1516 2082 uide
1540 2050 1645 2083 Ouid.
1666 2051 1747 2083 fast.

208 2111 231 2132 v
258 2102 319 2134 231
349 2112 398 2143 sq.
425 2106 545 2133 sancta
571 2101 689 2133 Iouem
716 2101 804 2133 Iuno
828 2106 913 2132 nata
943 2101 1026 2132 sine
1057 2107 1184 2133 matre
1213 2102 1375 2133 Minerua
1395 2102 1399 2143 Ι
1420 2102 1526 2143 officio
1552 2102 1661 2134 doluit
1685 2113 1753 2135 ‘non

208 2153 332 2194 equisse
348 2164 419 2192 suo,
431 2154 495 2185 239
511 2163 563 2195 sq.
571 2158 676 2193 pater
691 2158 737 2184 est
745 2153 866 2192 sactus
880 2153 1022 2193 neylecto
1035 2153 1185 2193 coniussis
1200 2164 1262 2185 usu
1276 2153 1280 2195 Ι
1293 2153 1454 2194 Iuppiter
1466 2158 1495 2185 et
1507 2154 1597 2185 solus
1612 2165 1752 2186 nomen

208 2211 421 2246 utrumque
442 2209 537 2237 tenet.
578 2215 657 2236 cum
674 2208 751 2236 toto
767 2215 870 2236 uersu
887 2205 1082 2246 comparari
1098 2207 1247 2246 possunt
1263 2205 1370 2237 Mart.
1392 2214 1432 2237 XI
1448 2207 1469 2237 4
1486 2206 1506 2237 3
1523 2216 1572 2248 sq.
1594 2206 1753 2246 Iuppiter

238 2282 244 2288 .
267 2282 273 2289 .
295 2262 323 2289 et
350 2267 447 2288 soror
473 2261 502 2288 et
525 2256 650 2288 summi
666 2256 750 2296 filia
773 2261 843 2288 tota
863 2256 980 2297 patris
1069 2256 1108 2287 17
1134 2255 1237 2288 Ouid.
1264 2256 1344 2288 fast.
1369 2265 1414 2288 111
1440 2258 1502 2291 717
1526 2268 1575 2299 sq.
1602 2268 1691 2298 puer
1715 2262 1751 2289 ut

203 2319 317 2349 posses
332 2313 467 2340 maturo
485 2313 631 2349 tempore
647 2308 753 2346 nasci,
776 2308 781 2348 Ι
802 2308 971 2348 expletum
988 2307 1109 2348 patrio
1130 2318 1270 2348 corpore
1291 2308 1414 2340 matris
1435 2319 1531 2349 opus,
1551 2313 1632 2340 met.
1653 2318 1693 2340 1v
1711 2310 1752 2341 12

207 2365 381 2401 satzcmque
401 2359 524 2391 iterum
544 2359 716 2400 solumque
740 2359 927 2391 bimam-em.
977 2359 1153 2391 Bacchum
1177 2359 1231 2391 bis
1255 2363 1379 2391 natum
1396 2360 1574 2392 Hesiodus
1595 2361 1632 2392 in
1652 2360 1749 2392 theo-

207 2412 310 2452 gonia
326 2422 395 2442 non
411 2411 581 2450 narrauit,
601 2411 660 2442 sed
678 2411 742 2443 940
757 2421 807 2453 sq.
828 2412 953 2449 Σεμέλη
969 2413 1042 2442 τέκε
1059 2413 1210 2450 φαίδιμον
1233 2412 1298 2442 υἱὸν
1315 2436 1322 2443 .
1344 2436 1351 2443 .
1373 2435 1381 2443 .
1402 2413 1563 2443 Διώνυσον
1654 2411 1694 2443 18
1711 2416 1749 2444 et

206 2462 260 2501 23,
286 2463 385 2494 illum
413 2473 432 2494 a
459 2462 628 2501 Breitero,
656 2462 748 2494 hunc
773 2474 793 2494 a
818 2462 978 2494 Bentleio
1003 2462 1165 2501 eiectum,
1191 2473 1212 2494 a
1236 2462 1432 2495 Schrader-0
1456 2467 1575 2495 autem
1603 2467 1684 2505 post
1707 2465 1750 2496 40

208 2515 427 2553 collocatum,
440 2514 533 2546 inter
549 2525 585 2546 se
602 2514 824 2556 transposui;
848 2514 908 2556 qui
930 2524 992 2546 cur
1016 2514 1051 2545 in
1073 2513 1251 2546 codicibus
1273 2514 1390 2546 sedem
1414 2515 1588 2546 mutarint
1609 2515 1748 2546 demon-

207 2570 323 2598 strant
340 2565 447 2598 uerba
463 2565 517 2597 bis
533 2566 649 2607 posita
665 2571 766 2607 atque
785 2567 823 2600 17
841 2570 877 2597 et
894 2566 947 2603 22,
966 2567 1110 2598 numina
1125 2567 1200 2597 siue
1216 2565 1357 2597 rumina
1375 2568 1414 2598 18
1431 2569 1468 2598 et
1482 2567 1535 2599 23.
1585 2566 1629 2598 de
1645 2577 1749 2599 uersu

210 2619 248 2649 18
265 2617 379 2649 dicam
395 2628 458 2649 suo
474 2617 549 2649 loco
564 2630 571 2649 ι
598 2618 640 2649 23
657 2617 848 2649 absurdum
866 2617 986 2649 reddit
1008 2618 1068 2659 qui
1092 2628 1172 2649 eum
1193 2617 1326 2659 excipit
1342 2618 1406 2656 243
1433 2618 1563 2660 quippe
1580 2618 1749 2650 siluarum

208 2669 289 2701 deos
306 2669 342 2700 in
358 2672 504 2700 naturae
528 2679 611 2700 usus
635 2668 784 2700 condere
805 2680 868 2700 nec
892 2670 988 2710 pacis
1009 2680 1072 2700 nec
1095 2668 1179 2701 belli
1199 2679 1286 2710 opus
1310 2673 1374 2706 est,
1392 2669 1453 2701 sed
1476 2680 1588 2710 nugae
1611 2679 1747 2702 merae:

207 2723 329 2752 contra
359 2724 440 2762 apte
478 2720 530 2751 illi
562 2720 753 2752 maioribus
785 2720 859 2752 deis
890 2731 948 2752 uu.
970 2722 1075 2755 15-17
1106 2720 1385 2752 commemoratis
1415 2720 1646 2753 subiciuntur.
1705 2721 1749 2753 de

207 2771 372 2813 nymphis
410 2771 586 2803 Hesiodus
624 2771 738 2813 theog.
776 2773 880 2806 184-7
922 2773 1004 2803 Γαΐα
1021 2796 1027 2803 .
1049 2796 1056 2803 .
1078 2797 1085 2804 .
1105 2773 1235 2811 γείνατο
1252 2797 1259 2803 .
1281 2796 1288 2803 .
1310 2796 1317 2804 .
1338 2773 1494 2811 Νύμφασ,
1534 2775 1577 2804 ἃσ
1617 2773 1748 2804 Μελίασ

208 2823 354 2854 nomenve-³
379 2823 431 2854 ἐπ’
455 2825 606 2863 ἀπείρονα
629 2825 737 2862 γαῖαν,
756 2823 884 2864 quibus
907 2823 943 2854 in
967 2823 1163 2864 fragmento
1187 2834 1206 2854 a
1230 2822 1400 2855 Strabone
1422 2832 1445 2854 x
1467 2834 1500 2865 p.
1521 2824 1582 2857 471
1607 2827 1747 2856 seruato

207 2874 379 2906 accedunt
395 2874 518 2915 satyri,
537 2877 652 2915 οὕρειαι
669 2876 803 2914 Νύμφαι
820 2876 890 2906 θεαὶ
906 2876 1090 2915 ἐξεγένοντο
1109 2875 1113 2915 Ι
1136 2876 1189 2906 καὶ
1212 2876 1310 2915 γένοσ·
1333 2876 1504 2906 οὑτιδανῶν
1520 2877 1671 2915 Σατύρων
1693 2877 1747 2907 καὶ
