1931 3202
621 103 1106 147 ASTRONOMICON
1147 102 1196 144 II
1625 105 1679 144 79

311 231 584 274 quacumque
606 217 652 257 in
673 216 791 272 parti
812 219 1069 257 nascentum
1091 218 1287 270 tempore
1308 214 1435 255 Luna

309 291 568 339 constiterit,
589 290 783 331 numeris
803 290 917 331 hane
937 293 1005 331 ter
1025 289 1206 344 dispone
1229 288 1466 344 quaternis,

309 365 486 407 sublimi
506 364 692 407 totidem
715 364 819 420 quia
840 363 1016 419 fulgent
1036 363 1181 404 sidera
1202 362 1374 404 mundo.

309 439 411 481 inde
432 454 534 481 suas
554 438 619 479 illi
640 439 780 494 signo,
801 452 888 494 quo
909 437 1035 479 Luna
1056 436 1245 487 refulsit,

187 523 252 558 730
310 527 508 569 quaeque
530 513 633 555 hinc
653 512 890 554 defuerant
910 515 1058 568 partes
1079 526 1311 553 numerare
1332 512 1562 552 memento.

309 587 513 644 proxima
532 586 722 629 tricenas
743 586 996 642 pariterque
1017 585 1248 641 sequentia
1267 584 1446 627 ducunt.

136 762 179 784 ex
206 762 318 795 aequo
342 753 425 795 poni
450 756 568 795 posset
670 752 734 784 726
757 761 995 791 quacunque:
1013 777 1020 784 .
1042 777 1049 784 .
1070 755 1167 791 parti
1192 751 1357 793 Scaliger,
1385 758 1593 789 quacunque
1611 773 1618 781 .
1639 773 1645 780 .
1668 773 1675 780 .

135 806 240 843 parte
258 805 325 836 iam
353 804 667 846 Regioniontanus,
688 806 874 842 quocfique
891 828 899 836 .
921 828 928 836 .
950 828 957 836 .
977 807 1086 842 partu
1105 803 1197 835 libri.
1242 804 1342 844 parti
1356 802 1535 834 ablatiuus
1551 810 1597 833 111
1615 800 1680 833 395

135 865 179 887 ex
203 855 364 887 codicum
391 856 577 897 scripturis
603 856 763 897 perlucet
790 859 897 897 atque
923 855 1030 887 etiam
1058 864 1072 886 1
1100 855 1163 889 779
1190 865 1254 896 pro
1282 860 1407 896 partus
1437 851 1679 885 restituendus

135 906 300 939 uidetur:
323 907 417 949 apud
431 907 635 939 Lucretium
648 917 708 939 sex
722 909 902 949 septemue
915 907 1000 938 locis
1012 910 1174 938 seruatus
1187 910 1241 938 est
1307 910 1466 944 tempore
1478 904 1553 937 cod.
1571 904 1678 941 Flor.‚

135 961 299 997 tempora
319 961 404 990 GLM
492 958 607 997 Luna,
630 959 723 990 sicut
745 959 781 990 in
802 958 909 990 Firm.
933 967 962 990 11
987 959 1026 990 13
1045 959 1065 990 3
1085 958 1154 996 Sol,
1174 957 1324 999 exempli
1346 968 1450 989 causa
1470 967 1534 998 pro
1555 955 1681 997 quouis

134 1009 278 1051 planeta
290 1011 434 1052 ponitur
447 1010 543 1049 (uide
555 1010 648 1042 Ptol.
663 1013 744 1042 tetr.
759 1020 792 1052 p.
810 1011 849 1042 13
860 1012 915 1041 τοῦ
926 1010 1199 1050 δωδεκατημορίου
1211 1009 1282 1040 καθ’
1295 1010 1311 1040 ὃ
1325 1010 1411 1040 ἔστιν
1423 1009 1439 1039 ὁ
1451 1007 1603 1048 ἀστήρ);
1620 1006 1681 1038 sed

135 1060 215 1093 ideo
225 1061 311 1093 haec
322 1062 545 1104 potissimum
555 1061 756 1103 appellatur
766 1061 849 1103 quia
859 1061 1013 1093 omnium
1024 1061 1215 1103 plurimum
1225 1060 1333 1099 ualet,
1345 1064 1387 1092 ut
1397 1059 1547 1091 maxime
1560 1062 1681 1090 nostra.

135 1112 278 1144 intersit
293 1114 381 1145 scire
397 1124 466 1155 quo
485 1113 521 1145 in
542 1113 823 1145 dodecatemorio
842 1112 1054 1144 constiterit.
1103 1112 1202 1144 Paul.
1223 1112 1323 1144 Alex.
1341 1111 1358 1143 Ι
1379 1113 1400 1143 4
1423 1113 1443 1150 ἡ
1467 1111 1682 1152 κραταιοτάτη

136 1165 276 1203 Σελήνη,
296 1164 366 1197 Cic.
387 1164 430 1196 de
446 1164 518 1196 diu.
535 1173 565 1196 11
580 1165 620 1197 91
639 1175 725 1203 cnm,
740 1169 777 1195 ut
792 1164 860 1204 ipsi
876 1164 1004 1202 dicunt,
1020 1169 1114 1196 ortus
1129 1164 1340 1195 nascentium
1356 1163 1460 1195 Luna
1475 1162 1680 1199 moderetur,

136 1226 240 1256 eaque
265 1215 547 1248 animaduertant
571 1221 601 1248 et
625 1220 737 1248 notent
762 1215 879 1247 sidera
903 1215 1071 1247 natalicia
1100 1215 1279 1254 Chaldaei,
1305 1224 1533 1255 quaecumque
1560 1213 1681 1245 Lunae

135 1267 254 1299 iuncta
277 1268 473 1306 uideantur,
492 1267 598 1299 Firm.
620 1276 660 1299 1v
690 1269 703 1299 1
731 1268 749 1301 7
774 1267 811 1298 in
833 1268 926 1299 omni
949 1267 1124 1307 yeniturae
1148 1266 1338 1299 substantia
1361 1266 1428 1297 ista
1447 1276 1536 1306 par-s
1558 1274 1681 1304 magno

136 1328 234 1359 opere
256 1319 477 1360 requirenda,
495 1319 533 1350 in
556 1329 626 1360 qna
649 1325 695 1351 esc
719 1319 823 1351 Luna
847 1319 1028 1350 constituta
1039 1330 1053 1357 ,·
1076 1323 1203 1359 quanto
1222 1318 1312 1350 enim
1335 1318 1438 1349 Luna
1461 1316 1627 1348 uelocibus
1650 1325 1682 1347 se

135 1370 381 1411 ayicacz'onibm
404 1371 569 1411 transfert
592 1376 621 1402 et
645 1376 773 1411 quanto
793 1381 826 1402 se
845 1370 948 1402 stellis
963 1370 1117 1402 omnibus
1139 1370 1238 1402 celeri
1251 1369 1473 1410 festinatione
1495 1367 1678 1408 coniunyit,

136 1426 231 1454 tanto
258 1433 317 1454 nos
347 1433 466 1455 cursu-s
499 1422 569 1454 eius
600 1422 756 1463 diliqenti
785 1422 940 1454 debemus
970 1422 1248 1462 contemplacione
1279 1421 1442 1461 colliqere.
1492 1420 1535 1451 de
1563 1419 1681 1451 Lunae

136 1473 430 1512 dodecatemorio,
456 1474 550 1515 quod
577 1477 664 1516 quot
688 1473 886 1516 quibusque
910 1473 1069 1505 sensibus
1092 1473 1232 1505 dicatur
1256 1473 1292 1504 in
1319 1472 1538 1514 praefatione
1564 1471 1677 1509 docui,

136 1525 249 1557 multa
265 1525 322 1557 hic
338 1525 473 1557 somnia
489 1536 551 1557 sua
567 1529 715 1557 narrant
730 1525 871 1557 Manilii
887 1525 1099 1567 interpretes
1115 1537 1122 1556 ε
1147 1524 1314 1556 Manilius
1330 1535 1370 1556 ea
1386 1523 1494 1556 uerba
1510 1532 1682 1565 nusquam

136 1577 255 1619 posuit
343 1576 406 1608 727
436 1577 588 1609 numeris
618 1582 669 1609 cer
698 1577 874 1618 quaternis
905 1577 1056 1617 dispone,
1087 1576 1286 1618 multiplica
1319 1575 1530 1608 duodeciens
1618 1573 1681 1605 728

137 1632 222 1666 quia
236 1627 329 1667 L2M‚
348 1637 439 1667 quae
455 1631 491 1668 G,
512 1637 580 1665 que
595 1632 618 1660 1.
706 1631 848 1665 fulgent
869 1631 929 1667 GL,
949 1639 1015 1659 om.
1036 1631 1080 1666 M,
1100 1629 1192 1660 sieut
1214 1637 1259 1659 111
1280 1628 1345 1659 200
1359 1627 1498 1668 ficlyens
1521 1628 1622 1658 extat
1645 1625 1682 1656 in

136 1683 181 1720 M,
215 1680 252 1712 in
282 1683 332 1712 GL
361 1680 529 1711 omissum
560 1682 624 1712 est.
675 1679 719 1711 de
750 1679 900 1711 lectione
931 1679 1090 1712 dubitari
1120 1683 1246 1711 uetant
1277 1688 1305 1711 11
1337 1679 1401 1713 742
1431 1689 1513 1710 nam
1544 1677 1682 1709 totidem

132 1731 353 1774 praefalyent
369 1732 484 1763 sidera
500 1732 603 1770 caelo,
623 1732 687 1766 702
709 1731 846 1763 totidem
866 1742 1008 1763 numero
1023 1731 1236 1771 sumentibus
1258 1731 1362 1763 astris
1450 1729 1513 1761 729
1536 1728 1601 1760 730
1627 1730 1682 1759 ‘et

135 1794 217 1816 suas
242 1786 361 1825 partes
388 1786 425 1815 et
447 1794 537 1825 quae
560 1783 642 1815 hinc
666 1783 876 1821 defuerant;
903 1787 943 1815 ut
968 1784 1003 1814 in
1028 1786 1104 1815 toto
1128 1783 1277 1824 triginta
1301 1786 1420 1824 partes
1446 1782 1560 1824 primo
1583 1780 1682 1821 signo

136 1835 350 1867 tribuantur.
399 1838 475 1867 esto
492 1835 591 1867 Luna
607 1835 644 1866 in
660 1844 711 1866 xv
726 1838 828 1876 parte
844 1835 999 1866 Arietis:
1024 1838 1060 1866 et
1083 1835 1168 1866 istas
1189 1843 1239 1866 xv
1260 1834 1292 1865 ei
1313 1833 1443 1872 tribuo,
1462 1836 1498 1864 et
1521 1832 1608 1864 alias
1632 1840 1683 1863 xv

136 1897 226 1929 quae
249 1886 458 1918 defuerant:
484 1889 524 1918 ut
546 1886 634 1918 fiant
657 1886 754 1918 XXX’
781 1886 972 1918 Bentleius.
1021 1886 1112 1924 inde,
1131 1897 1174 1917 ex
1198 1897 1238 1917 eo
1259 1896 1362 1927 quem
1386 1883 1682 1917 consummaueris

136 1938 293 1980 partium
323 1948 480 1976 numero,
509 1938 572 1976 illi,
600 1938 637 1969 in
668 1948 733 1979 quo
764 1938 869 1970 Luna
899 1938 1045 1978 refulsit,
1075 1938 1171 1978 siquo
1201 1947 1382 1969 numerare
1411 1940 1573 1968 memento
1604 1945 1684 1967 suas

135 1994 264 2031 partes,
294 1989 331 2021 id
359 1994 413 2021 est
439 1992 496 2021 tot
522 1992 641 2031 partes
668 1994 776 2031 quota
803 1990 839 2021 in
870 1992 971 2032 parte
998 1989 1073 2021 eius
1100 1989 1199 2021 Luna
1226 1989 1400 2027 constitit,
1429 1997 1580 2029 quaeque
1604 1986 1682 2018 hinc

136 2042 329 2082 defuerant,
355 2041 392 2072 id
416 2044 470 2072 est
497 2044 553 2072 tot
579 2044 666 2083 quot
689 2044 770 2083 post
793 2041 883 2073 hanc
907 2044 1045 2083 partem
1069 2041 1187 2072 deesse
1211 2040 1355 2072 uidebas
1382 2040 1427 2071 ad
1451 2040 1579 2071 iustam
1603 2046 1681 2069 XXX

136 2093 294 2136 partium
320 2103 492 2124 summam
516 2092 744 2124 efficiendam.
794 2092 859 2124 hac
885 2097 987 2125 tanta
1011 2092 1197 2124 uerborum
1221 2092 1258 2124 ui
1281 2091 1500 2123 discentibus
1527 2089 1682 2122 inculcat

137 2155 208 2176 non
223 2144 340 2176 minus
355 2153 433 2175 xxx
449 2147 569 2186 partes
584 2145 698 2186 primo
714 2144 813 2186 signo
830 2144 964 2176 dandas
980 2155 1064 2182 esse,
1085 2144 1149 2176 hoc
1165 2147 1219 2176 est
1236 2143 1280 2175 ab
1304 2144 1407 2175 initio
1423 2143 1525 2184 signi,
1544 2152 1614 2173 non
1636 2140 1681 2172 ab

137 2206 179 2228 ea
201 2207 306 2238 quam
330 2195 430 2227 Luna
454 2196 680 2237 occupauerit
703 2199 816 2237 parte,
840 2195 1126 2228 distributionem
1150 2195 1303 2237 incipere
1327 2194 1475 2232 debere3
1503 2192 1682 2236 praeuidit

137 2248 232 2280 enim
257 2247 333 2279 fore
363 2250 404 2279 ut
435 2258 475 2279 ea
501 2247 537 2279 in
568 2258 606 2279 re
635 2251 824 2286 erraretur,
854 2248 947 2279 sicut
977 2248 1110 2279 errauit
1137 2247 1268 2279 Paulus
1297 2246 1558 2278 Alexandrinus
1584 2244 1681 2276 laud-

138 2303 221 2331 ante
237 2302 274 2331 et
288 2299 477 2330 Manilium
494 2298 537 2331 ob
553 2299 709 2331 uit-atum
725 2309 877 2330 errorem
898 2299 1126 2341 uituperante
1141 2299 1325 2331 Bouchaeo
1346 2297 1570 2338 Leclercquio

181 2351 245 2383 730
263 2359 424 2389 quaeque
440 2350 515 2382 cod.
530 2350 684 2389 Monac„
700 2359 771 2389 qua
787 2355 823 2383 et
838 2354 882 2389 M,
897 2360 988 2389 quae
1005 2354 1040 2383 et
1056 2354 1105 2382 GL
1119 2363 1126 2382 :
1152 2350 1268 2382 fuerat
1281 2361 1351 2391 qna
1367 2360 1415 2391 eq.
1508 2351 1589 2380 hinc
1601 2347 1680 2386 ΘΠ,

137 2405 230 2435 hunc
245 2405 316 2440 LM,
335 2402 414 2434 huic
430 2402 530 2434 Voss.
553 2403 605 2440 18,
623 2402 718 2444 quod
742 2413 864 2434 uerum
889 2413 962 2434 esse
985 2405 1116 2444 potest,
1135 2403 1176 2441 si,
1195 2406 1236 2434 ut
1260 2411 1305 2433 111
1329 2402 1390 2433 491
1416 2411 1502 2442 quae
1526 2405 1682 2441 superent

138 2453 274 2486 Phoebo
285 2458 405 2494 parte-3
420 2465 484 2495 pro
501 2453 663 2495 partibus
680 2464 766 2495 quas
783 2453 842 2485 Sol
859 2458 1098 2496 transgressus
1114 2454 1174 2492 sit,
1193 2454 1244 2485 ita
1261 2464 1346 2494 quae
1364 2453 1485 2484 Lunae
1501 2452 1683 2492 defuerant

137 2515 201 2547 pro
224 2505 295 2536 illis
318 2515 407 2546 quae
428 2505 547 2537 Lunae
569 2505 804 2537 transeundae
826 2505 1007 2537 restabant
1028 2505 1098 2537 dici
1121 2515 1221 2547 posse
1242 2505 1416 2536 oredimus
1504 2503 1565 2534 731
1590 2505 1682 2541 pari-

137 2560 264 2593 terque
294 2559 339 2595 M,
369 2559 527 2595 pariter*
554 2559 587 2595 L,
622 2559 759 2595 pariter
791 2556 859 2588 GL2
947 2559 1133 2594 sequentia
1164 2556 1476 2598 Regiomontanus,
1503 2557 1683 2586 sententia

138 2608 222 2640 libri
311 2611 444 2640 ducunt
466 2611 535 2647 LM,
555 2610 653 2640 ducit
675 2611 712 2646 G,
736 2608 864 2640 ducant
888 2608 1070 2640 Bentleius
1093 2608 1130 2639 in
1152 2608 1382 2640 adnotatione
1404 2611 1545 2648 praeter
1567 2616 1681 2638 neces-

139 2660 294 2697 sitatem,
325 2659 489 2691 similiter
519 2659 611 2691 enim
642 2659 765 2691 modus
796 2660 956 2692 uariatur
981 2668 1026 2692 111
1051 2660 1116 2691 420
1140 2659 1346 2697 detrahitur,
1374 2659 1438 2690 423
1465 2658 1590 2696 ducito,
1617 2658 1681 2689 424

139 2711 250 2749 trade,
283 2711 347 2743 426
377 2711 440 2742 eric
471 2710 633 2742 dicanda.
692 2711 850 2753 proxima
881 2711 980 2753 signa
1017 2711 1169 2743 tricenas
1203 2716 1322 2752 partes
1353 2710 1488 2742 ducunt
1520 2709 1597 2748 (1100
1628 2712 1682 2741 est

139 2762 349 2800 sortiuntur,
378 2765 419 2794 ut
447 2762 536 2802 717),
564 2763 649 2794 item
674 2763 857 2804 sequentia
945 2761 1106 2801 732-734‚
1133 2762 1259 2804 quibus
1283 2763 1426 2793 remotis
1452 2761 1542 2793 nihil
1568 2761 1678 2799 deest,

139 2813 361 2855 interpositis
383 2814 499 2845 omnia
521 2813 788 2855 perturbantur,
808 2814 940 2846 deleuit
968 2814 1159 2852 Bentleius,
1185 2814 1258 2855 ipsc
1283 2813 1366 2845 olim
1389 2813 1510 2855 paucis
1534 2813 1682 2844 mutatis

140 2868 220 2907 post
235 2865 300 2900 744
315 2865 449 2897 traieci.
498 2876 579 2897 nam
600 2869 662 2897 aut
686 2865 774 2897 falsa
790 2869 873 2897 sunt
894 2876 982 2907 quae
999 2865 1159 2897 uersibus
1175 2866 1301 2900 713-21
1323 2864 1440 2897 edocti
1463 2874 1582 2896 sumus
1605 2871 1679 2902 aut,
