1931 3202
602 128 1086 174 ASTRONOMICON
1128 129 1176 170 II
1609 131 1664 170 95

295 243 503 299 quicquid
523 242 580 284 ab
599 244 757 284 exortu
777 256 998 283 summum
1019 243 1231 283 curuatur
1252 240 1298 281 in
1319 239 1476 285 orbem,

169 326 234 359 845
292 317 452 359 aetatis
472 317 639 373 primae
660 316 965 371 nascentisque
986 315 1151 356 adserit
1172 329 1319 356 annos.

294 390 411 447 quod
432 405 602 432 summo
622 390 839 446 premitur
860 390 1078 431 deuexum
1100 388 1289 431 culmine
1311 387 1464 429 mundi

293 465 430 507 donec
451 465 508 506 ad
528 478 705 506 occasus
727 464 889 512 ueniat,
911 463 1154 519 puerilibus
1175 462 1303 503 annis

294 539 488 581 succedit
508 541 792 593 teneramque
812 537 927 593 regit
948 537 1031 579 sub
1052 537 1152 578 sede
1172 536 1412 578 iuuentam.

295 628 407 669 quae
427 627 530 668 pars
550 627 727 654 occasus
748 611 867 653 infra
888 615 954 653 est
974 611 1199 666 imumque
1221 610 1302 652 sub
1323 609 1471 652 orbem

172 697 237 729 850
295 687 534 736 descendit,
554 687 670 742 regit
691 687 797 727 haec
819 691 1017 728 maturae
1039 690 1237 741 tempora
1259 685 1377 726 uitae

295 765 510 818 perpetua
530 761 640 803 serie
662 761 872 816 uarioque
894 760 1085 802 exercita
1107 774 1248 801 cursu.

294 839 352 885 at,
374 850 462 891 qua
483 835 711 891 perficitur
730 850 882 877 cursus
903 835 1114 876 redeunte
1132 834 1217 877 sub
1238 834 1336 881 imo,

294 910 423 952 tarda
444 910 700 966 supinatum
722 910 896 951 lassatis
917 909 1087 950 uiribus
1108 923 1256 950 arcum

294 984 541 1033 ascendens,
564 998 680 1025 seros
701 984 876 1025 demum
898 983 1203 1039 complectitur
1224 997 1361 1024 annos

171 1068 235 1101 855
293 1058 600 1114 labentemque
621 1058 737 1099 diem
758 1058 877 1099 uitae
898 1058 1219 1112 tremulamque
1241 1060 1471 1098 senectam.

121 1193 313 1235 improprie
340 1192 530 1224 interualla
556 1193 688 1224 maiora
715 1192 883 1224 dicuntur
905 1191 1119 1230 cardinibus,
1145 1192 1206 1233 qui
1232 1190 1511 1233 magnitudinem
1535 1190 1666 1223 habent

121 1244 255 1276 nullam
343 1243 406 1275 845
433 1244 551 1285 Fayus
576 1244 712 1284 primae
738 1243 969 1284 nascentisque
999 1243 1133 1281 aetatis,
1163 1243 1355 1284 Pingraeus
1381 1242 1517 1282 primae
1545 1242 1667 1274 aetatis

121 1301 355 1335 nascentesque
377 1296 570 1336 coniungit,
589 1295 730 1327 duriore
747 1300 894 1336 uterque
911 1296 1077 1326 oratione.
1127 1295 1274 1336 simplex
1291 1298 1328 1326 et
1343 1294 1492 1326 fortasse
1513 1304 1596 1325 uera
1612 1297 1666 1326 est

122 1347 263 1380 Bentlei
282 1348 483 1379 coniectura
499 1352 643 1378 aetatem
657 1346 822 1387 primam,
841 1346 934 1388 quod
951 1346 995 1377 ob
1011 1346 1101 1378 male
1117 1346 1337 1377 intellectum
1354 1345 1520 1378 nascentis
1537 1346 1667 1377 mutari

121 1399 241 1442 potuit
328 1398 391 1429 848
418 1398 561 1430 succedit
585 1402 626 1430 ut
650 1407 679 1430 11
702 1399 766 1432 672
793 1399 966 1436 accedunt,
991 1398 1059 1429 nisi
1082 1398 1173 1430 forte
1196 1397 1416 1439 significatur
1443 1397 1535 1428 hunc
1558 1397 1664 1438 quad-

122 1455 259 1482 rantem
275 1450 397 1482 ordine
413 1449 531 1481 subire
546 1454 583 1481 et
599 1450 750 1492 pueriles
767 1460 876 1481 annos
892 1450 1050 1491 excipere
1138 1452 1322 1481 iuuentam
1346 1449 1419 1487 (ΗΡ,
1438 1451 1586 1480 iuuenta
1607 1451 1667 1480 LM

209 1501 273 1532 849
298 1510 389 1540 quae
420 1501 731 1543 Regiomontanus,
765 1510 836 1539 qua
865 1500 970 1533 libri:
1006 1502 1070 1533 893
1095 1511 1180 1542 quae
1205 1504 1240 1539 G,
1270 1511 1338 1541 qua
1365 1504 1399 1532 M
1486 1502 1581 1531 infra
1611 1504 1666 1532 est

124 1552 304 1585 Bentleius
330 1553 532 1585 coniectura
562 1563 632 1584 non
660 1557 768 1589 certa,
797 1555 892 1584 inter
918 1552 1000 1584 libri
1088 1555 1266 1590 imumque
1293 1555 1326 1590 L,
1356 1555 1466 1583 'imum
1493 1561 1599 1590 quam
1627 1555 1662 1589 G,

121 1608 327 1643 minimique
347 1608 382 1636 Μ
470 1604 533 1635 850
553 1607 648 1643 reg-it
671 1607 735 1636 hoc
757 1608 921 1636 maturae.
941 1604 988 1642 L2,
1012 1607 1098 1636 haee
1121 1603 1195 1635 cod.
1222 1604 1313 1635 Flor.
1339 1603 1478 1645 aliique,
1504 1607 1666 1635 maturae

123 1658 170 1696 (-e
183 1658 245 1696 (31.)
261 1659 357 1695 regit
372 1659 466 1687 GLM.
516 1667 559 1687 ne
576 1656 661 1687 haec
677 1655 817 1698 quidem
835 1661 932 1687 certa
952 1656 1056 1687 lectio
1073 1659 1138 1693 est,
1153 1648 1368 1697 ‘uideturque
1387 1655 1482 1686 labes
1498 1655 1615 1696 aliqua
1631 1655 1667 1685 in

122 1718 245 1740 uersus
268 1708 332 1740 849
359 1710 396 1739 et
418 1708 483 1740 850
506 1707 639 1739 medios
662 1708 832 1739 inuasisse
920 1706 981 1737 851
1009 1710 1183 1745 perpetua
1211 1708 1667 1749 (=pp-et-ria=et-„pp-ria)

122 1759 317 1797 Bentleius,
341 1762 378 1792 et
399 1761 546 1798 propria
566 1762 634 1797 LM,
659 1762 699 1791 at
720 1762 864 1797 propria
880 1762 914 1790 G.
967 1761 974 1775 ‘
987 1770 1050 1790 nec
1066 1759 1267 1790 coniunctio
1283 1764 1312 1790 et
1332 1758 1445 1789 locum
1468 1758 1524 1789 hic
1546 1757 1663 1795 habet,

121 1821 185 1843 nec
195 1811 344 1852 propria
355 1810 439 1842 serie
449 1811 534 1852 quid
547 1811 594 1842 sit
606 1811 788 1852 quisquam
803 1810 1034 1851 explicauerit
1046 1809 1053 1823 ’
1067 1810 1256 1842 Bentleius.
1299 1809 1443 1851 indigna
1457 1810 1570 1841 relatu
1583 1813 1668 1840 sunt

121 1873 212 1904 quae
224 1862 341 1904 Fayus
356 1862 550 1904 Pingraeus
562 1862 710 1894 Iacobus
723 1862 816 1893 inter
828 1872 864 1893 se
877 1861 1115 1893 diuersissima
1129 1862 1433 1903 interpretationis
1444 1861 1519 1892 loco
1532 1861 1664 1903 protul-

122 1917 251 1953 erunt3
282 1913 463 1946 Breiterus
487 1913 577 1945 nihil
603 1913 754 1955 protulit
843 1913 905 1944 852
928 1917 967 1945 at
990 1913 1063 1950 GL2,
1089 1917 1105 1944 t
1131 1916 1188 1945 ΒΜ
1277 1917 1404 1954 quarta
1433 1912 1555 1944 circuli
1585 1923 1667 1954 pars

123 1976 192 1997 non
213 1965 273 1997 sub
291 1965 360 1997 imo
380 1965 442 1997 sed
457 1965 501 1996 ab
518 1966 587 1997 imo
606 1965 697 1996 redit
713 1977 721 2002 ;
745 1965 853 1996 imum
869 1970 986 1996 autem
1004 1964 1111 2006 (quod
1133 1964 1252 1996 Iacobi
1274 1975 1379 1996 causa
1395 1964 1582 1996 dicendum
1598 1967 1664 2002 est,

122 2017 184 2059 qui
208 2016 268 2049 sub
291 2017 450 2049 redeunte
474 2018 540 2048 imo
563 2016 752 2058 intellegit)
777 2027 889 2058 neque
916 2016 1010 2048 redit
1037 2027 1149 2058 neque
1173 2015 1237 2047 sub
1262 2026 1302 2047 eo
1327 2026 1448 2047 cursus
1471 2014 1663 2057 perficitur.

122 2068 257 2100 frustra
274 2067 354 2100 edd.
373 2072 461 2100 uett.
485 2078 587 2109 quae
608 2067 786 2108 perficitur
809 2078 928 2100 cursu
950 2068 1120 2106 redeunte,
1141 2078 1204 2099 nec
1225 2067 1349 2099 melius
1372 2067 1552 2099 Bentleius
1575 2077 1667 2107 qua<

124 2120 270 2152 drante
293 2119 351 2151 sub
367 2119 446 2158 imo,
465 2119 583 2151 nullus
603 2124 657 2151 est
673 2119 765 2151 enim
785 2119 875 2150 imus
891 2119 1077 2160 quadrans.
1127 2119 1293 2150 inuentus
1309 2122 1363 2150 est
1378 2119 1439 2160 qui
1457 2121 1669 2160 proponeret

122 2171 296 2203 redeunti-s
311 2170 353 2203 ab
369 2171 449 2210 imo,
468 2171 634 2203 inuentus
650 2171 757 2202 etiam
769 2171 829 2212 qui
845 2171 1016 2212 reciperet
1032 2183 1039 2208 ;
1063 2171 1124 2212 qui
1140 2174 1321 2202 enarraret
1336 2181 1406 2201 non
1419 2173 1472 2201 est
1488 2170 1664 2201 iuuentus

123 2222 285 2264 equidem
308 2222 532 2254 scribendum
556 2223 715 2264 suspicor
735 2222 893 2254 redemite
917 2222 1083 2260 sibimet,
1102 2221 1396 2264 quemadmodum
1415 2231 1428 2253 1
1448 2222 1511 2253 630
1530 2221 1669 2253 colurus

123 2274 249 2306 itemtm
273 2275 337 2306 coit
362 2273 433 2315 ipse
449 2274 514 2306 sibi
537 2284 666 2306 memor
689 2274 778 2305 unde
800 2273 996 2314 prosectus3
1028 2273 1095 2305 etsi
1121 2274 1252 2305 rectius
1278 2284 1360 2305 sane
1387 2272 1537 2305 circulus
1562 2283 1668 2314 quam

123 2325 271 2357 ultimus
293 2325 368 2357 eius
391 2325 568 2367 quadrans
591 2325 659 2357 sibi
678 2325 792 2357 redire
809 2325 950 2357 dicitur.
999 2324 1129 2356 sibimet
1151 2325 1186 2356 in
1208 2324 1276 2356 fine
1299 2324 1494 2356 hexametri
1517 2324 1669 2356 habetur

124 2386 165 2409 IV
179 2377 255 2415 439,
275 2387 345 2409 non
360 2388 443 2419 ergo
459 2381 536 2409 erat
551 2387 613 2409 eur
631 2376 862 2408 Marklandus
878 2376 923 2408 ad
945 2376 1035 2409 Stat.
1056 2376 1135 2408 silu.
1156 2385 1184 2408 11
1201 2377 1221 2408 6
1240 2378 1279 2409 16
1295 2376 1338 2408 de
1355 2387 1394 2408 ea
1411 2387 1447 2408 re
1464 2375 1645 2407 dubitaret
1659 2389 1668 2413 ;

123 2438 336 2470 quamquam
356 2428 392 2460 in
416 2428 580 2461 Statiano
599 2439 714 2467 uersu,
737 2428 798 2469 qui
817 2433 932 2469 sponte
953 2428 1080 2469 sibique
1100 2428 1104 2468 Ι
1126 2428 1328 2469 imperiosa-s·
1348 2433 1432 2465 erat,
1454 2438 1523 2459 non
1548 2427 1666 2459 Mark-

123 2479 250 2512 landus
271 2479 333 2512 sed
352 2483 435 2512 ante
455 2491 534 2512 eum
554 2480 722 2512 Heinsius
741 2490 863 2511 uerum
879 2480 1076 2517 inuenerat,
1095 2479 1160 2511 sibi
1175 2479 1245 2520 ipse
1334 2479 1482 2510 856-967
1499 2479 1669 2510 absolutis

122 2541 213 2573 quae
228 2530 273 2563 de
287 2534 459 2573 quattuor
477 2531 679 2563 cardinibus
698 2536 734 2563 et
751 2531 794 2563 de
810 2535 980 2573 quattuor
999 2541 1117 2562 eorum
1140 2531 1337 2562 interuallis
1356 2530 1505 2562 dicenda
1526 2531 1668 2572 putauit

122 2585 228 2624 poeta
251 2582 296 2614 ad
319 2593 450 2614 nouum
473 2583 588 2614 locum
610 2582 835 2614 tractandum
854 2583 972 2625 pergit
988 2583 1046 2624 qui
1069 2588 1122 2614 est
1141 2584 1212 2623 περὶ
1233 2584 1297 2614 τῶν
1319 2584 1439 2614 δώδεκα
1462 2584 1570 2613 τόπων
1593 2583 1668 2614 siue

124 2635 198 2675 περὶ
222 2635 287 2672 τῆσ
319 2635 572 2675 δωδεκατρόπου,
599 2634 797 2676 expositum
828 2634 929 2666 illum
953 2644 974 2665 a
1004 2633 1103 2666 Paul.
1129 2634 1230 2665 Alex.
1256 2633 1359 2666 L—O
1387 2635 1418 2672 2,
1448 2633 1543 2666 Sext.
1573 2644 1662 2675 emp.

125 2686 210 2726 πρὸσ
231 2687 323 2726 ἀστρ.
341 2686 458 2724 12-20,
477 2685 584 2718 Firm.
604 2694 634 2717 11
653 2686 692 2717 19
707 2692 744 2718 et
763 2685 940 2727 utrimque
960 2685 1086 2717 uicinis
1107 2685 1294 2727 capitibus,
1314 2685 1412 2717 Vett.
1433 2685 1513 2716 Val.
1534 2696 1566 2727 p.
1592 2685 1663 2719 179.

124 2736 188 2769 hos
208 2737 331 2769 τόπουσ·
351 2737 522 2769 Manilius
541 2737 650 2769 uariis
668 2736 868 2768 nominibus
886 2736 1043 2779 appellat
1061 2737 1135 2768 loca
1153 2738 1196 2775 (11
1213 2737 1287 2775 899,
1307 2737 1382 2775 909,
1400 2737 1475 2774 927,
1495 2737 1570 2775 948,
1589 2737 1664 2774 962,

124 2787 200 2827 967,
228 2797 274 2820 111
300 2788 391 2828 608),
415 2793 535 2829 partes
558 2788 681 2820 mundi
704 2790 749 2827 (Π
773 2789 849 2827 857,
877 2789 953 2827 912)
982 2788 1039 2820 uel
1064 2788 1150 2820 caeli
1174 2790 1217 2827 (11
1242 2789 1318 2826 966,
1346 2796 1391 2819 111
1416 2789 1494 2826 583)
1520 2788 1577 2819 uel
1593 2788 1667 2819 sine

123 2840 289 2881 genetiuo
301 2845 422 2881 partes
438 2842 482 2879 (11
498 2841 572 2878 916,
592 2840 668 2879 924,
687 2841 778 2878 932),
796 2839 888 2871 sedes
904 2841 948 2879 (11
964 2840 1039 2879 863,
1054 2840 1129 2878 867,
1145 2840 1220 2878 922,
1240 2840 1329 2878 956),
1347 2839 1498 2880 reqiowe-ss
1514 2841 1558 2879 (11
1574 2840 1664 2879 865),

124 2895 228 2924 cortes
244 2892 288 2931 (ΙΙ
303 2891 368 2926 872
380 2895 417 2924 et
432 2892 500 2923 nisi
512 2891 616 2924 fallor
632 2900 677 2923 111
690 2892 780 2930 604),
792 2891 919 2932 templa
932 2893 975 2931 (11
988 2891 1063 2930 959,
1079 2899 1124 2923 111
1137 2892 1211 2929 583,
1228 2892 1303 2929 586,
1319 2892 1408 2930 614),
1421 2891 1529 2923 etiam
1544 2901 1667 2932 parum
