1931 3202
641 121 1124 165 ASTRONOMIOON
1166 122 1215 163 II
1652 128 1699 165 11

333 233 404 274 hic
425 233 563 289 igitur
583 233 691 275 deus
712 236 757 274 et
780 234 907 284 ratio,
928 248 1039 289 quae
1061 239 1219 276 cuncta
1239 234 1470 288 gubernat,

333 307 457 348 ducit
477 307 533 349 ab
554 307 762 348 aetheriis
782 310 958 349 terrena
978 308 1188 349 animalia
1210 308 1359 364 signis,

333 395 455 436 quae,
478 396 745 437 quamquam
766 381 908 437 longo,
930 382 1060 438 cogit,
1081 385 1300 423 summota
1321 396 1503 432 recessu,

232 463 272 494 85
333 455 487 497 sentiri
509 458 670 504 tamen,
691 458 743 496 ut
763 456 881 497 uitas
902 471 952 498 ac
973 456 1070 497 fata
1090 456 1345 498 ministrent

332 529 538 586 gentibus
559 544 609 571 ac
629 529 828 585 proprios
849 545 928 585 per
948 530 1123 586 singula
1144 545 1326 586 corpora
1346 544 1498 572 mores.

333 618 411 646 nec
431 604 563 645 nimis
585 606 651 645 est
673 605 923 659 quaerenda
943 604 1050 646 fides
1068 619 1076 646 :
1107 605 1169 646 sic
1189 607 1407 661 temperat
1428 619 1537 646 arua

333 678 514 727 caelum,
536 679 597 719 sic
618 678 765 719 uarias
786 677 938 734 fruges
959 678 1191 734 redditque
1212 678 1427 734 rapitque,

333 752 394 794 sic
414 754 599 808 pontum
621 755 770 794 mouet
792 766 841 793 ac
862 752 991 794 terris
1013 753 1203 794 inmittit
1224 756 1268 794 et
1288 752 1446 802 aufert,

232 836 274 868 90
333 829 466 881 atque
488 826 595 867 haec
616 826 772 868 seditio
794 827 977 882 pelagus
997 841 1114 869 nunc
1135 826 1275 868 sidere
1296 827 1427 868 lunae

333 903 453 942 mota
472 903 605 949 tenet,
627 915 744 942 nunc
765 900 939 942 diuerso
960 901 1190 942 stimulata
1210 916 1392 951 recessu,

333 989 450 1016 nunc
471 975 576 1016 anni
598 975 741 1030 spatio
764 975 987 1016 Phoebum
1009 975 1219 1017 comitata
1240 976 1488 1026 uola-nte1n;

333 1049 395 1091 sic
416 1049 641 1090 submersa
662 1049 802 1099 fretis,
822 1049 1088 1091 concharum
1110 1052 1154 1091 et
1175 1064 1344 1091 carcere
1366 1050 1524 1100 clausa,

334 1123 390 1164 ad
410 1123 540 1164 lunae
562 1127 730 1164 motum
752 1123 930 1165 uariant
951 1124 1160 1165 animalia
1181 1138 1337 1180 corpus

161 1279 261 1311 Voss.
282 1279 356 1318 390,
375 1282 562 1317 minusque
578 1282 672 1311 GLM.
721 1279 886 1321 pudendo
903 1290 1019 1311 errore
1035 1280 1153 1321 Fayus
1175 1284 1210 1312 et
1230 1280 1421 1322 Pingraeus
1442 1280 1618 1312 adiectiua
1639 1290 1702 1322 pro

161 1330 339 1363 aduerbiis
370 1331 570 1362 habuerunt
670 1331 710 1361 83
749 1334 895 1363 ethei-iis
927 1332 1210 1370 Bonincontrius,
1244 1334 1400 1363 aeternis
1431 1332 1523 1370 libri,
1554 1342 1702 1374 quorum

160 1385 282 1414 utrum
306 1382 480 1424 Scaligero
505 1386 541 1414 et
565 1382 739 1421 Bentleio,
757 1386 878 1414 utrum
905 1382 1032 1415 Iacobo
1057 1387 1092 1414 et
1117 1383 1289 1415 Becherto
1312 1384 1496 1425 placuerit,
1523 1394 1592 1415 non
1617 1394 1703 1425 opus

161 1439 216 1466 est
242 1433 312 1466 dici
401 1434 443 1464 84
469 1434 674 1476 interpunxi
701 1434 745 1466 ad
776 1438 930 1466 mentem
957 1434 1132 1476 Pingraei,
1159 1435 1218 1476 qui
1246 1438 1340 1467 recte
1367 1436 1623 1477 interpretatus
1650 1439 1704 1467 est

162 1496 260 1527 quae,
287 1485 361 1517 lieet
386 1486 510 1526 procul
535 1490 714 1524 summota,
741 1486 827 1526 coyc'c
855 1491 967 1518 tamen
993 1486 1133 1518 sentiri:
1171 1486 1253 1518 uide
1279 1496 1308 1518 11
1331 1487 1395 1519 383
1421 1487 1468 1518 sic
1493 1497 1704 1528 quamquam

161 1537 303 1569 alternis
321 1548 394 1578 par
409 1542 454 1569 est
469 1542 599 1569 natura
613 1537 753 1578 figyuris,
773 1537 809 1568 id
831 1541 885 1569 est
902 1548 1112 1578 quamquam
1134 1548 1190 1570 ecce
1210 1539 1362 1570 alternae
1383 1543 1469 1570 sunt.
1519 1538 1562 1570 de
1579 1538 1703 1580 hyper-

161 1588 244 1621 bato
260 1588 335 1620 dixi
351 1588 396 1620 ad
412 1598 426 1620 1
441 1590 494 1621 58.
543 1599 631 1630 quae
647 1589 823 1620 sententia
840 1590 1078 1631 requireretur
1095 1590 1162 1621 iarn
1180 1589 1297 1631 Fayus
1313 1600 1349 1621 se
1366 1590 1485 1621 uidere
1501 1590 1705 1622 ostenderat

162 1639 346 1672 scribendo
370 1651 456 1681 quae
481 1640 577 1679 comt,
607 1651 817 1681 quamquam
841 1641 939 1681 lonyo
1027 1641 1068 1671 85
1099 1644 1196 1673 uitas
1221 1644 1257 1679 G,
1285 1643 1363 1673 uita
1386 1644 1445 1672 ΒΜ
1533 1641 1573 1673 87
1599 1644 1705 1673 nimis

162 1692 355 1730 Bendeius,
378 1695 496 1723 minus
519 1695 578 1730 GL,
598 1701 726 1723 munus
748 1696 792 1724 M.
845 1695 934 1723 ‘non
958 1692 1019 1724 diu
1045 1696 1081 1724 et
1105 1703 1230 1734 magno
1254 1693 1373 1724 labore
1398 1693 1598 1734 quaerenda
1621 1697 1705 1725 sunt

161 1746 390 1785 argumenta:
415 1747 540 1785 sponte
557 1754 593 1775 se
609 1743 761 1775 offerunt
773 1743 780 1757 ³
805 1744 996 1775 Bentleius.
1046 1744 1133 1775 fides
1150 1744 1193 1775 ab
1210 1744 1371 1786 analogia
1387 1745 1579 1786 quaeritur,
1598 1745 1645 1777 sic

206 1794 248 1826 89
269 1803 311 1826 ac
326 1797 433 1826 terris
449 1798 507 1834 GL,
521 1804 543 1827 a
558 1799 657 1827 terra
673 1799 706 1827 M
794 1795 836 1825 90
860 1798 974 1827 sidere
991 1795 1156 1838 Scaliger,
1172 1798 1289 1827 sidera
1304 1796 1396 1827 libri.
1446 1796 1529 1828 Luc.
1543 1805 1557 1827 1
1573 1798 1637 1829 413
1650 1807 1699 1839 sq.

162 1857 210 1878 αη
232 1845 340 1878 sidere
363 1851 455 1878 mota
478 1847 619 1878 secundo
643 1847 692 1885 (id
716 1850 770 1878 est
795 1849 938 1888 δευτέρῳ,
957 1847 1054 1887 luna)
1075 1847 1078 1889 Ι
1105 1848 1249 1888 Tethyos
1273 1848 1369 1879 unda
1393 1858 1503 1887 uanae
1526 1848 1704 1880 lunaribus

162 1902 287 1930 aestuet
303 1897 396 1929 horis
483 1897 523 1928 91
547 1901 648 1929 tenet
663 1898 736 1929 cod.
747 1898 906 1930 Venetus
923 1899 1014 1930 sicut
1030 1899 1227 1930 coniecerat
1243 1898 1409 1941 Scaliger,
1427 1903 1550 1931 tenent
1565 1903 1650 1931 GLM

205 1951 346 1981 diuerso
361 1949 461 1981 Voss.
479 1949 554 1988 390,
573 1952 687 1981 diuiso
703 1952 787 1981 GLM
875 1961 968 1981 nunc
991 1950 1104 1982 sidere
1128 1950 1230 1981 lunae
1253 1954 1361 1989 mota,
1380 1951 1472 1992 quod
1497 1951 1638 1992 plenum
1664 1962 1704 1983 ac

162 2011 284 2033 rursus
298 2000 526 2033 nouissimum
543 2001 691 2032 maiores
715 2005 833 2033 aestus
854 2006 984 2040 mouet,
1006 2001 1189 2033 diuiduum
1215 2002 1388 2039 minores;
1412 2013 1504 2034 nunc
1520 2003 1704 2035 stimulata

162 2052 318 2084 eiusdem
340 2052 444 2084 lunae
468 2053 505 2083 in
529 2052 687 2084 diuersas
712 2057 830 2094 partes
855 2064 992 2085 recessu
1017 2064 1037 2084 a
1062 2053 1177 2085 medio
1200 2053 1324 2085 mundi
1348 2054 1487 2092 circulo,
1506 2065 1575 2096 qua
1599 2054 1643 2086 de
1666 2065 1704 2086 re

163 2104 299 2136 Plinius
325 2104 398 2136 n.h.
419 2112 449 2135 11
476 2105 540 2135 215
564 2104 682 2136 eadem
709 2104 819 2143 (luna)
844 2104 881 2136 in
907 2105 1085 2145 aquilonia
1112 2110 1140 2136 et
1166 2115 1188 2136 a
1215 2105 1315 2137 terris
1341 2105 1470 2146 lonssias
1498 2107 1703 2138 recedente

162 2155 313 2187 mitiores
330 2157 460 2194 (aestus
477 2157 573 2194 sunt)
590 2166 695 2196 <licam
711 2166 786 2187 cum
806 2156 842 2187 in
864 2161 997 2188 aze-stros
1020 2157 1206 2197 clim-essa
1227 2157 1389 2197 propiore
1409 2157 1487 2189 nisu
1509 2157 1582 2189 uim
1605 2168 1703 2190 suam

163 2212 289 2239 exercet
386 2206 428 2237 92
451 2207 536 2238 anni
557 2208 669 2248 spatio
693 2208 862 2239 uolantem
886 2212 980 2239 recte
1004 2209 1188 2239 coniunxit
1213 2208 1249 2240 F.
1277 2208 1410 2240 Iunius.
1459 2208 1703 2250 significantur

163 2262 281 2290 aestus
305 2258 384 2290 solis
410 2260 535 2290 annuis
559 2259 670 2290 causis
695 2259 824 2290 duobus
850 2259 1070 2300 aequinoctiis
1095 2259 1244 2291 maxime
1269 2265 1430 2291 tumentes
1454 2265 1483 2291 et
1508 2261 1704 2292 autumnali

160 2309 313 2350 amplius
336 2320 439 2351 quam
464 2320 579 2349 uerno,
606 2310 722 2342 inanes
745 2321 824 2342 uero
849 2311 969 2342 bruma
993 2316 1021 2342 et
1045 2311 1155 2352 manis
1178 2311 1328 2349 solstitio,
1351 2322 1439 2353 quae
1464 2312 1571 2343 Plinii
1594 2312 1702 2344 uerba.

163 2366 247 2393 sunt
262 2361 337 2393 loco
354 2372 460 2403 supra
475 2361 595 2394 adlato
683 2362 844 2393 comitata
865 2365 905 2394 ut
921 2362 1010 2394 Gell.
1027 2371 1095 2394 XIV
1118 2364 1132 2394 l
1152 2364 1171 2394 3
1193 2373 1334 2394 oceanus
1357 2363 1458 2404 quasi
1475 2364 1576 2395 limae
1597 2375 1702 2396 comes

164 2423 240 2445 cum
255 2423 294 2444 ea
311 2413 412 2444 simul
427 2413 563 2445 senescit
580 2413 805 2454 adolescitque
893 2414 1012 2455 itaque
1035 2414 1219 2446 uniuersae
1239 2415 1369 2446 rationi
1386 2426 1418 2446 u.
1434 2416 1475 2447 89
1502 2415 1702 2447 declaratae

162 2464 314 2506 primum
351 2468 621 2503 menstruarum,
655 2465 781 2496 deinde
819 2476 1013 2497 annuarum
1051 2467 1264 2497 uarietatum
1304 2477 1427 2498 causae
1465 2466 1697 2506 subiciuntur,

162 2526 250 2557 quas
276 2515 396 2547 eodem
423 2516 546 2547 ordine
570 2518 726 2548 recenset
752 2516 890 2548 Plinius
992 2517 1034 2547 93
1066 2519 1116 2548 sic
1140 2521 1186 2556 M,
1214 2521 1245 2548 si
1271 2520 1330 2549 GL.
1379 2521 1414 2549 et
1441 2518 1526 2549 haec
1551 2521 1587 2550 et
1613 2529 1702 2560 quae

163 2566 218 2598 his
248 2567 376 2598 similia
406 2567 598 2599 traduntur
635 2578 656 2599 a
687 2567 852 2600 Cicerone
890 2567 933 2599 de
964 2568 1035 2600 diu.
1071 2577 1100 2600 11
1131 2569 1184 2607 33,
1218 2569 1368 2600 Horatio
1399 2580 1499 2601 serm.
1535 2578 1564 2601 11
1594 2572 1615 2601 4
1645 2571 1697 2609 30,

163 2618 279 2650 Plinio
302 2618 375 2650 n.h.
395 2627 426 2650 11
452 2619 524 2655 109,
546 2619 620 2657 221,
641 2628 681 2650 IX
709 2620 758 2657 18,
788 2620 839 2657 96,
865 2628 974 2651 XXXII
1002 2620 1054 2658 59,
1081 2620 1281 2661 Augustino
1305 2621 1371 2652 eiu.
1399 2621 1456 2652 dei
1479 2629 1503 2652 v
1528 2622 1559 2660 6,
1585 2622 1702 2653 omnia

163 2680 184 2701 a
208 2669 394 2701 Posidonio
417 2673 558 2712 sumpta
582 2681 656 2702 esse
678 2671 930 2702 Germanorum
953 2682 1054 2703 nemo
1078 2672 1226 2713 ignorat,
1247 2672 1341 2713 apud
1365 2683 1451 2714 quos
1474 2673 1543 2703 iam
1567 2672 1701 2704 dudum

164 2723 302 2752 constat
323 2720 499 2753 Romanos
521 2725 661 2763 praeter
683 2721 910 2754 Posidonium
933 2723 1023 2754 nihil
1046 2723 1180 2765 legisse.
1230 2723 1334 2755 huius
1357 2729 1474 2755 autem
1498 2724 1607 2755 libros
1627 2727 1700 2756 tam

164 2771 328 2814 flagranti
343 2772 462 2804 studio
479 2773 732 2815 conquirebant
749 2773 1034 2816 diripiebantque
1050 2778 1091 2806 ut
1108 2775 1219 2807 multo
1235 2778 1318 2806 ante
1333 2786 1438 2816 quam
1457 2775 1575 2807 Rhodi
1593 2776 1700 2808 scrib-

163 2826 306 2855 erentur
329 2823 460 2855 Romae
483 2824 752 2856 innotescerent.
802 2825 895 2856 unde
922 2826 1025 2865 enim,
1055 2826 1122 2857 nisi
1145 2837 1188 2857 ex
1211 2826 1293 2865 illis,
1320 2826 1476 2858 Lucilius
1498 2837 1538 2858 ea
1561 2827 1703 2860 haurire

163 2875 282 2917 potuit
297 2885 386 2916 quae
402 2886 422 2907 a
438 2875 552 2907 Genio
568 2884 619 2907 xx
637 2877 656 2907 8
672 2878 692 2907 4
709 2879 849 2908 seruata
866 2880 960 2916 sunt,
980 2877 1063 2909 luna
1079 2877 1142 2909 alic
1158 2882 1268 2910 ostrea
1285 2883 1313 2909 ec
1330 2877 1445 2919 implet
1460 2877 1614 2911 echinos?
