1931 3202
255 119 336 158 112
850 121 912 164 M.
944 121 1195 164 MANILII

302 237 365 268 944
418 243 508 284 pro
529 228 641 271 facie
662 230 839 285 signata
859 236 976 280 nota,
1000 231 1116 286 quod
1137 247 1295 273 nomen
1317 235 1362 274 et
1382 232 1465 288 ipsi

302 307 383 344 945¹*
421 306 621 345 auctores
641 303 723 345 tibi
745 303 864 346 dant.
886 305 890 360 Ι
910 319 999 346 una
1019 309 1087 347 est
1108 306 1249 348 tutela
1269 306 1456 348 duorum
1473 323 1480 347 :
1651 306 1733 348 9:²35b

252 455 335 496 poni
358 455 448 487 solet
470 455 653 497 Cyllenius,
672 467 741 498 qua
764 456 877 489 forma
900 457 1069 490 Manilius
1093 469 1176 490 usus
1199 463 1253 491 est
1277 468 1289 491 1
1309 460 1362 499 30,
1385 461 1460 499 871,
1482 469 1510 491 11
1530 460 1603 492 440.
1653 460 1746 492 idem
1768 469 1791 491 v

253 507 271 540 7
296 506 396 538 Maia
420 511 551 546 “zatum,
575 511 616 539 ut
636 508 721 540 Hor.
741 518 842 540 serm.
868 518 896 540 11
918 510 938 541 6
958 510 979 541 5
1000 509 1105 541 Maia
1125 515 1215 549 nate,
1233 510 1335 544 Ouid.
1356 514 1439 543 met.
1460 520 1498 543 11.
1520 512 1583 544 685
1603 521 1653 553 sq.
1674 510 1793 551 ΜαίαΙ

253 562 372 589 aalma:
402 558 506 589 Maia
529 563 622 590 salus
645 559 734 591 Stat.
760 559 867 591 Theb.
892 569 920 591 11
947 561 961 592 l
1051 561 1203 603 primum
1227 561 1409 604 templum,
1435 562 1589 594 ortiuum
1614 562 1792 594 cardinem

252 609 446 648 continens,
459 610 552 642 haud
569 610 689 652 inepte
705 616 809 652 poeta.
825 611 1013 651 Mercurio,
1028 616 1200 655 perpetuo
1217 612 1306 646 Solis
1319 613 1450 652 comiti,
1465 613 1620 646 tribuere
1635 613 1791 653 uidetur,

252 660 312 692 sed
334 660 453 699 alium,
472 661 528 693 cui
549 661 643 693 idem
663 662 847 704 placuerit,
866 673 935 694 non
956 665 1114 705 reperio;
1139 665 1206 696 etsi
1227 664 1359 696 Paulus
1379 665 1438 697 L2
1459 665 1544 697 haec
1565 665 1682 704 habet,
1701 666 1735 696 ἐν
1758 667 1793 697 δὲ

252 715 353 751 τούτῳ
379 712 425 752 τῷ
444 714 532 752 τόπῳ
558 714 659 752 μόνοσ
687 713 703 744 ὀ
732 716 788 745 τοῦ
810 712 926 755 Ἑρμοῦ
950 716 1053 756 ἀστὴρ
1078 717 1164 756 παρὰ
1190 717 1321 748 πάντασ
1345 718 1423 748 τοὺσ
1446 718 1589 757 ἀστέρασ
1612 718 1728 757 χαίρει,
1755 721 1792 749 et

253 763 468 805 Porphyrius
488 764 570 806 isag.
591 775 624 806 p.
643 765 709 797 204
724 767 782 803 τὴν
798 767 927 806 πρώτην
945 768 1050 807 χαράν
1070 777 1144 798 esse
1162 767 1251 799 (licit
1266 769 1343 799 ὅταν
1359 767 1512 808 ὁῈρμῆσ
1531 769 1656 808 ἐμπέσῃ
1671 769 1721 800 εἰσ
1736 769 1792 800 τὸν

253 815 434 855 ὡροσκόπον
450 819 586 847 ceterae
602 818 720 848 autem
737 816 861 848 stellae
877 817 912 849 in
929 817 979 849 eis
998 818 1140 860 templis
1155 819 1372 851 constitutae
1388 819 1460 851 sint
1475 829 1564 861 quae
1583 819 1658 851 deis
1673 829 1792 851 earum

251 866 470 908 praesidibus
487 866 635 899 Paulum
654 870 690 899 et
711 867 901 900 Firmicum
921 868 1124 910 adsignasse
1144 870 1335 902 memoraui
1357 870 1402 902 ad
1423 881 1456 902 u.
1477 871 1541 903 890
1635 870 1700 901 944
1714 870 1790 909 945,

251 928 338 959 quos
365 917 519 959 Scaliger
545 918 687 950 silentio
713 920 968 959 transmiserat,
993 920 1124 952 deleuit
1152 920 1334 953 Bentleius
1361 925 1402 953 ut
1428 922 1564 964 spurios
1590 926 1626 954 et
1650 932 1792 964 prorsus

251 969 525 1010 inexplicabiles,
549 971 656 1011 ‘quae
669 970 759 1002 enim
767 970 906 1011 facies?
928 982 997 1013 qua
1008 975 1113 1004 nota?
1135 972 1229 1014 quod
1242 973 1403 1006 nomen?
1449 973 1609 1005 Bentleio
1621 973 1792 1015 adstipul—

251 1020 301 1051 ati
324 1023 407 1052 sunt
431 1020 624 1062 Pingraeus
645 1021 792 1054 Iacobus
813 1022 1006 1055 Bechertus
1028 1023 1230 1062 Breiterus3
1253 1024 1353 1066 atqui
1373 1024 1460 1056 talia
1480 1024 1576 1056 haud
1596 1028 1727 1056 temere
1748 1024 1792 1056 ab

251 1072 563 1113 interpolatoribus
576 1072 824 1115 confinguntur
911 1073 976 1105 944
988 1083 1052 1113 pro
1063 1077 1153 1107 facie
1163 1076 1196 1114 ὕ,
1212 1085 1232 1108 ο
1247 1078 1355 1108 facies
1370 1075 1452 1108 libri
1466 1088 1473 1108 :
1497 1076 1587 1108 duae
1598 1076 1740 1108 litterae
1756 1077 1792 1108 in

251 1123 407 1165 margine
427 1124 653 1163 interierunt,
672 1135 743 1157 una
762 1135 804 1157 ex
825 1126 986 1167 sequenti
1008 1137 1092 1158 uoce
1112 1127 1292 1168 geminata
1307 1131 1371 1160 est.
1420 1128 1554 1170 primus
1574 1128 1671 1160 locus
1691 1128 1793 1160 faciei

250 1185 331 1206 suae
356 1175 487 1207 nitenti
512 1177 556 1215 (11
582 1176 646 1209 826
670 1187 719 1218 sq.
748 1178 906 1209 nitentem
923 1202 931 1210 .
951 1202 959 1210 .
982 1202 989 1209 .
1010 1180 1175 1218 emortum)
1204 1180 1279 1211 siue
1305 1179 1457 1221 fulgenti
1484 1181 1544 1219 (111
1570 1180 1635 1212 200
1651 1179 1794 1220 fulgyens

250 1226 464 1267 horoscopus)
490 1228 740 1260 conuenienter
764 1229 924 1270 signatus
948 1232 1002 1260 est
1029 1233 1114 1261 nota
1140 1230 1214 1262 siue
1242 1230 1360 1268 titulo,
1386 1231 1480 1273 quod
1505 1230 1584 1270 (hoc
1609 1234 1664 1263 est
1687 1241 1792 1273 quam

249 1280 383 1318 notam)
407 1289 532 1310 nomen
555 1279 623 1321 ipsi
642 1290 781 1321 quoque
803 1280 979 1312 Mercurio
997 1284 1159 1313 auctores
1176 1282 1371 1324 imponunt.
1420 1292 1461 1314 ea
1480 1286 1565 1314 nota
1585 1282 1659 1314 siue
1680 1282 1793 1314 mauis

249 1329 285 1361 id
310 1340 435 1361 nomen
459 1331 610 1371 Στίλβων
634 1334 699 1362 est.
750 1331 847 1364 Erat.
875 1335 999 1364 catast.
1023 1333 1066 1365 43
1089 1334 1242 1371 πέμπτοσ
1265 1334 1299 1365 δὲ
1322 1335 1453 1375 (ἀστὴρ)
1473 1333 1601 1374 Ἑρμοῦ,
1628 1335 1790 1374 Στίλβων,

248 1382 401 1422 λαμπρὸσ
418 1383 471 1413 καὶ
485 1383 599 1423 μικρόσ
615 1407 624 1414 .
644 1407 652 1414 .
673 1406 680 1414 .
702 1384 850 1424 Στίλβων
870 1384 903 1415 δὲ
922 1385 1067 1415 καλεῖται
1084 1386 1135 1416 διὰ
1149 1386 1187 1416 τὸ
1204 1387 1384 1425 φαντασίαν
1399 1389 1548 1424 τοιαύτην
1564 1386 1659 1417 αὑτὸν
1676 1387 1790 1425 ποιεῖν,

250 1433 358 1465 schol.
378 1433 495 1465 Germ.
516 1433 636 1474 Breys.
656 1444 689 1476 p.
709 1435 771 1466 184
792 1434 962 1467 Mercurii
981 1435 1088 1475 sidus,
1107 1436 1198 1476 quod
1219 1437 1346 1469 Graece
1362 1436 1502 1476 Stilbon,
1520 1437 1559 1468 id
1579 1441 1625 1469 est
1645 1437 1792 1478 splendi-

249 1484 325 1523 dus,
349 1484 488 1524 elicitur,
509 1485 616 1517 colore
640 1485 796 1518 radians.
844 1486 906 1518 sed
930 1486 994 1518 hoc
1018 1487 1126 1519 titulo
1149 1489 1301 1529 primum
1324 1488 1494 1531 templum
1518 1489 1695 1531 signatum
1719 1499 1793 1521 esse

249 1546 318 1567 non
343 1536 453 1578 magis
478 1536 621 1568 aliunde
645 1537 807 1569 nouimus
831 1548 935 1579 quam
959 1542 1086 1580 quarto
1114 1539 1342 1571 Daemonium
1368 1543 1405 1572 et
1428 1540 1553 1582 quinto
1578 1539 1791 1572 Daemonien

248 1598 373 1619 nomen
397 1587 514 1620 fuisse.
564 1588 599 1620 in
623 1593 721 1620 notae
744 1599 829 1621 uoce
853 1589 946 1622 inest
968 1590 1155 1632 ueriloqnii
1178 1591 1410 1633 significatio:
1435 1592 1506 1624 Cic.
1531 1594 1603 1634 top.
1626 1592 1668 1624 35
1688 1602 1792 1632 quam

250 1638 373 1671 Graeci
403 1641 614 1679 ἐτυμολογίαν
645 1645 767 1672 uocant
790 1665 797 1673 .
823 1665 830 1674 .
856 1665 864 1673 .
889 1651 948 1673 uos
969 1666 977 1673 .
1000 1666 1008 1674 .
1031 1666 1039 1674 .
1063 1642 1312 1674 notationem
1341 1643 1568 1684 appellamus,
1600 1643 1685 1684 quia
1714 1648 1791 1675 sunt

247 1690 352 1722 uerba
374 1701 491 1722 rerum
512 1696 640 1723 notae.
689 1692 804 1733 itaque
830 1691 890 1724 Ῐιοο
917 1693 1005 1725 idem
1026 1693 1224 1725 Aristoteles
1249 1696 1412 1735 σύμβολον
1439 1694 1590 1735 appellat
1617 1694 1673 1733 (de
1697 1705 1787 1727 sens.

252 1743 266 1773 l
296 1743 331 1773 ll
357 1744 421 1774 τῶν
446 1744 610 1781 ὀνομάτων
635 1744 772 1775 ἕκαστον
796 1746 959 1785 σύμβολόν
983 1747 1098 1784 ἐστιν),
1124 1746 1215 1786 quod
1239 1745 1364 1777 Latine
1387 1751 1433 1777 esc
1455 1750 1560 1778 noca.
1610 1747 1646 1778 in
1670 1745 1787 1788 Priap.

248 1794 289 1825 68
305 1793 326 1825 3
342 1804 392 1836 sq.
411 1794 511 1825 ‘rudis
529 1794 582 1826 hic
600 1794 775 1827 dominum
796 1795 914 1827 tociens
934 1796 1058 1828 audire
1078 1797 1236 1837 leqentem
1255 1797 1258 1838 Ι
1281 1808 1380 1838 εοῃον
1400 1797 1628 1830 Homcrz'acas
1650 1797 1790 1829 edidici-

247 1855 311 1886 (μω
326 1850 442 1877 notas
458 1856 526 1877 non
539 1846 787 1878 Aristarcheae
800 1846 967 1879 dicuntur
982 1851 1087 1880 notae
1103 1848 1164 1880 sed
1180 1848 1351 1880 uocabula
1367 1859 1445 1881 cum
1461 1848 1788 1891 significationibus,

247 1900 442 1938 sequuntur
465 1897 558 1929 enim
581 1897 678 1937 haec,
702 1898 757 1930 ille
779 1903 889 1938 uocat,
913 1899 1004 1940 quod
1025 1910 1086 1930 nos
1103 1900 1232 1941 psolen,
1257 1901 1419 1941 ψολόεντα
1440 1902 1588 1941 κεραυνόν
1608 1899 1613 1940 Ι
1634 1905 1675 1939 et,
1699 1901 1791 1942 quod

246 1958 306 1980 nos
322 1948 445 1987 culum,
461 1950 590 1981 κουλεόν
607 1949 662 1981 ille
679 1954 787 1982 uocat.
835 1950 886 1981 sic
901 1950 1047 1982 notandi
1066 1951 1172 1983 uerbo
1188 1952 1243 1983 usi
1259 1955 1352 1990 suut,
1369 1956 1410 1984 ut
1426 1952 1595 1994 originem
1611 1952 1790 1984 nominum

246 1999 384 2031 attendi
415 1999 589 2039 iuberent,
619 2000 740 2033 Cicero
770 2001 896 2043 phaen.
927 2003 991 2034 249
1022 2003 1057 2034 in
1089 2003 1238 2044 galaxia,
1271 2003 1398 2035 lacteus
1427 2003 1493 2043 laic,
1521 2003 1628 2035 nimio
1648 2003 1791 2044 ficlgyens

246 2051 405 2090 candore,
434 2056 602 2084 notatur
632 2052 711 2092 (hoc
741 2057 796 2084 est
826 2063 910 2085 uero
939 2053 1079 2085 nomine
1109 2054 1320 2096 appellatur,
1354 2054 1448 2096 quod
1478 2054 1648 2086 aduersus
1673 2054 1790 2087 Grotii

246 2103 475 2135 mutationem
498 2106 620 2135 tuetur
638 2104 762 2136 Anien.
783 2105 884 2137 Arat.
905 2105 982 2145 945)
1004 2109 1040 2137 et
1062 2105 1210 2138 Ouidius
1230 2106 1312 2138 fast.
1333 2115 1346 2137 1
1365 2107 1428 2141 327
1448 2117 1498 2148 sq.
1519 2107 1555 2138 in
1571 2106 1790 2149 Agonalibus

246 2155 333 2195 παρὰ
363 2155 401 2186 τὸ
430 2156 571 2195 ἀγωνιᾶν
603 2155 720 2195 dictis,
753 2166 810 2195 an,
845 2156 929 2197 quia
956 2157 1135 2197 praevisos
1165 2157 1201 2189 in
1234 2168 1327 2199 aqua
1358 2157 1450 2190 timec
1485 2157 1596 2190 hostia
1630 2158 1765 2196 cultros,
1782 2157 1788 2200 Ι

244 2216 268 2236 α
294 2206 426 2246 pecoris
455 2207 516 2238 luae
546 2211 592 2238 est
622 2206 701 2248 ipsa
730 2212 872 2239 notata
901 2212 1001 2240 melu.
1061 2208 1224 2241 similiter
1262 2209 1434 2241 Horatius
1469 2209 1635 2242 indicium
1672 2209 1790 2252 posuit

244 2267 307 2298 pro
342 2257 480 2289 nomine
517 2261 679 2290 naturam
710 2259 761 2290 rei
792 2259 1005 2299 declarante,
1038 2264 1104 2292 art.
1139 2261 1181 2292 49
1213 2260 1351 2292 indiciis
1383 2265 1573 2293 monstrare
1607 2260 1790 2292 recentibus

244 2308 364 2340 abdita
379 2319 504 2341 rerum.
554 2310 623 2341 huc
635 2310 790 2352 pertinet
807 2311 913 2342 etiarn
930 2311 1208 2352 pseudoLucian.
1230 2311 1274 2344 de
1290 2312 1413 2344 astrol.
1427 2314 1448 2344 4
1464 2315 1496 2344 ἐν
1510 2313 1544 2344 δὲ
1560 2314 1611 2344 καὶ
1629 2313 1790 2351 οὐνόματα

245 2361 383 2391 αὐτέοισι
413 2360 593 2402 (planetis)
626 2363 796 2401 ἐπέθεσαν,
830 2364 885 2394 οὐκ
916 2364 1088 2401 οὐνόματα,
1122 2365 1207 2394 ὅκωσ
1237 2365 1375 2403 ἐδόκεον,
1410 2365 1496 2395 ἀλλὰ.
1527 2365 1675 2402 σημήια

286 2411 372 2442 945³
393 2417 546 2444 auctores
565 2413 626 2454 qui
645 2413 688 2444 de
712 2414 761 2445 eis
785 2413 888 2445 rebus
907 2415 1134 2456 scripserunt,
1161 2418 1200 2446 ut
1221 2414 1292 2447 Cic.
1313 2415 1356 2446 de
1378 2426 1426 2447 or.
1448 2424 1460 2446 1
1480 2415 1545 2447 ‘240
1564 2415 1613 2446 acl
1635 2419 1788 2447 auclore-e

243 2463 429 2503 eonfinyisse
445 2466 482 2495 et
502 2464 642 2505 passim.
691 2464 749 2496 hic
768 2475 846 2496 curn
866 2465 901 2496 in
921 2465 1020 2497 libris
1037 2471 1267 2507 sequerentur
1285 2471 1375 2498 artes
1394 2477 1463 2508 qua
1478 2466 1571 2499 (lucit
1589 2466 1785 2507 Olympum,

244 2514 398 2556 Scaliger
425 2514 559 2556 duplici
586 2516 793 2556 mutatione,
823 2521 977 2549 auclore-⁴³
1003 2517 1064 2548 cibi
1090 2518 1176 2549 clam
1205 2517 1313 2550 artis
1342 2528 1443 2559 quae
1469 2517 1563 2549 (lucit
1590 2517 1784 2558 Olympum,

243 2565 430 2598 absurdam
455 2566 613 2598 lucratus
634 2570 689 2599 est
711 2568 947 2607 sententiam3
970 2568 1068 2600 nulla
1087 2569 1180 2600 enirn
1201 2579 1257 2601 ars
1277 2569 1466 2611 Olympum
1485 2569 1596 2607 ducit,
1614 2579 1727 2611 neque
1750 2569 1786 2600 in

245 2625 283 2647 1v
298 2617 362 2651 ‘267
378 2628 444 2659 sq.‚
463 2618 584 2650 mundi
597 2618 732 2659 faciem
748 2619 903 2660 sedesque
921 2619 1064 2651 monebit
1084 2618 1088 2662 Ι
1110 2620 1259 2652 sidereas
1278 2620 1473 2661 caelumque
1494 2631 1620 2652 nouum
1638 2620 1787 2652 uersabic

244 2669 277 2699 in
299 2668 409 2700 orbem
434 2669 512 2708 (sub
531 2670 687 2711 Aquario
708 2672 838 2709 natus),
860 2670 904 2703 de
927 2681 1011 2703 uero
1034 2671 1128 2703 caelo
1150 2672 1269 2713 agitur
1292 2671 1353 2703 sed
1377 2671 1420 2703 de
1443 2671 1617 2704 fabricata
1639 2671 1787 2714 sphaera

242 2730 311 2760 qua
332 2719 524 2752 utebantur
544 2721 723 2763 astrologi,
742 2721 842 2753 uelut
863 2721 978 2754 Horos
999 2722 1252 2764 Propertianus
1270 2732 1308 2754 lv
1327 2724 1341 2754 l
1361 2723 1402 2757 75
1418 2733 1468 2765 sq.
1489 2723 1572 2755 hauc
1592 2733 1650 2764 eqo
1670 2722 1784 2765 uates!

241 2770 371 2802 nescius
385 2776 509 2803 aerata
523 2772 624 2812 sigma
638 2783 772 2804 mouere
783 2773 871 2814 pila.
922 2773 1134 2805 hemistichii
1153 2774 1222 2806 alio
1238 2774 1402 2806 translati
1419 2775 1454 2806 in
1471 2774 1583 2806 locum
1601 2774 1786 2806 succedere

242 2821 326 2853 iussi
349 2823 577 2863 posteriorem
603 2834 725 2856 uersus
746 2825 810 2856 935
834 2828 982 2866 partem,
1001 2835 1106 2866 quam
1127 2825 1206 2857 aliis
1227 2825 1412 2857 delendam
1435 2825 1548 2857 uideri
1570 2836 1676 2868 supra
1696 2824 1782 2857 dixi.

241 2873 408 2905 credibile
430 2877 484 2906 est
505 2874 666 2912 scribam,
686 2886 765 2907 cum
786 2879 868 2907 ante
891 2879 963 2908 tres
985 2876 1175 2908 uersiculos
1196 2881 1377 2917 temptAlvs
1393 2880 1583 2916 emmisset,
1603 2877 1785 2919 delapsum
