1931 3202
196 129 248 168 10
782 125 844 168 M.
877 124 1011 167 MAN
1015 124 1127 166 ILII

362 251 412 279 ac
433 240 607 278 tantum
630 236 782 277 mundi
804 239 976 292 regeret
996 235 1233 292 prudentia
1253 250 1429 278 censum

262 321 303 354 70
362 325 449 353 11011
472 315 585 352 esset
606 310 740 352 statio
760 310 900 358 terris,
922 325 1010 351 non
1032 310 1225 352 ambitus
1247 310 1388 360 astris,

362 389 614 440 erraretque
636 398 777 439 uagus
798 383 989 425 mundus
1010 383 1224 425 standoue
1247 384 1422 440 rigeret,

361 473 440 501 nec
461 473 541 501 sua
562 458 795 513 dispositos
817 462 1046 500 seruarent
1067 458 1210 500 sidera
1231 473 1384 500 cursus

361 547 536 588 noxque
557 532 728 573 alterna
749 531 864 573 diem
887 531 1063 588 fugeret
1083 547 1346 588 rursumque
1368 532 1559 589 fugaret,

361 621 449 648 non
470 606 630 648 imbres
652 606 821 647 alerent
841 609 992 655 terras,
1014 621 1101 647 non
1123 607 1304 648 aethera
1324 607 1448 648 uenti

262 691 302 725 75
362 695 440 723 nec
461 684 622 736 pontus
644 680 853 736 grauidas
874 680 1013 722 nubes
1034 695 1112 723 nec
1134 680 1318 722 flumina
1338 684 1524 737 pontum

361 769 439 797 nec
460 755 642 811 pelagus
664 754 812 803 fontis,
833 769 912 796 nec
933 758 1071 796 staret
1092 769 1263 796 summa
1283 770 1362 811 per
1382 755 1525 797 omnis

361 844 441 885 par
462 843 633 884 semper
653 829 793 884 partis
815 843 954 884 aequo
975 828 1147 884 digesta
1167 832 1361 885 parente,

361 906 412 944 ut
432 917 572 958 neque
593 902 829 944 deficerent
850 902 994 944 undae
1015 917 1094 944 nec
1115 903 1280 945 sideret
1301 903 1419 945 orbis

361 992 439 1019 nec
460 977 628 1019 caelum
650 978 766 1018 iusto
787 977 986 1018 maiusue
1007 977 1209 1019 minusue
1230 977 1411 1019 uolaret.

261 1062 302 1093 80
361 1054 506 1093 motus
527 1052 620 1101 alit,
641 1066 729 1092 non
751 1054 895 1092 mutat
916 1066 1035 1107 opus.
1098 1052 1157 1093 sic
1179 1052 1326 1093 omnia
1347 1054 1443 1093 toto

361 1126 615 1182 dispensata
635 1128 816 1167 manent
837 1125 1002 1167 mundo
1023 1125 1337 1182 dominumque
1359 1129 1615 1182 sequuntur.

190 1291 336 1324 Manilio
355 1295 461 1324 notus
483 1291 604 1331 fuerit,
624 1303 643 1323 a
658 1291 849 1323 Posidonio
871 1302 951 1324 eum
978 1291 1042 1323 hoc
1064 1291 1228 1324 didicisse
1252 1292 1381 1324 statuit
1398 1292 1462 1324 Ed.
1478 1292 1673 1324 Muellerus
1689 1291 1733 1324 de

188 1343 303 1376 Posid.
332 1343 427 1375 Matr
457 1349 599 1375 auctore
626 1354 659 1385 p.
691 1344 744 1382 30,
774 1344 835 1385 qui
861 1347 1044 1385 praeterea
1071 1343 1139 1375 huc
1166 1344 1275 1376 refert
1306 1344 1421 1376 10011111
1448 1344 1551 1386 plane
1578 1344 1733 1376 alienum

187 1395 289 1427 Ouid.
318 1398 402 1426 met.
428 1404 479 1426 xv
504 1395 579 1434 342,
609 1395 669 1426 ubi
697 1395 740 1426 de
767 1394 850 1426 orbe
882 1398 998 1426 terrae
1021 1405 1134 1427 sermo
1161 1399 1215 1427 est
1319 1395 1361 1425 69
1393 1404 1536 1427 censum
1563 1394 1730 1438 Scaliger,

187 1456 331 1479 sensum
357 1446 439 1478 libri
466 1451 507 1478 ut
532 1455 545 1478 1
572 1447 612 1478 12
709 1446 750 1478 71
775 1450 913 1478 erraret
929 1472 936 1478 .
958 1471 965 1478 .
987 1471 994 1478 .
1016 1450 1189 1478 standoue
1217 1446 1486 1489 Oudendorpius
1517 1447 1553 1478 in
1581 1447 1733 1489 epistula

188 1509 277 1530 anno
295 1499 379 1533 1755
395 1499 537 1539 scripta,
557 1498 655 1530 edita
670 1509 690 1529 a
707 1497 744 1530 C.
765 1498 803 1530 F.
825 1497 977 1530 Webero
993 1498 1077 1530 Luc.
1098 1498 1167 1530 1101.
1186 1507 1199 1530 1
1216 1509 1249 1540 p.
1266 1498 1338 1537 xxi,
1357 1498 1520 1540 idemque
1535 1498 1581 1530 ad
1596 1498 1727 1540 Appul.

187 1554 269 1582 met.
298 1559 311 1581 1
338 1550 369 1588 3,
395 1553 582 1581 haereret.
605 1574 612 1581 .
633 1575 640 1582 .
662 1553 860 1588 standoque
887 1549 978 1581 libri.
1035 1550 1177 1582 errandi
1203 1550 1440 1592 haerendique
1468 1550 1575 1582 uerba
1601 1550 1731 1592 passim

187 1602 331 1633 confusa
352 1612 425 1633 esse
448 1601 560 1640 (uelut
581 1600 690 1634 Culic.
711 1602 766 1640 51)
790 1600 1060 1643 Oudendorpius
1082 1601 1282 1640 adnotatur,
1301 1602 1395 1644 quod
1416 1612 1522 1644 quam
1542 1601 1646 1634 facile
1668 1601 1733 1634 fiat

187 1653 406 1685 demonstrat
422 1656 447 1684 G
463 1653 573 1684 herret
594 1663 658 1694 pro
679 1658 767 1684 erret
791 1653 960 1684 exhibens
977 1662 1023 1685 111
1039 1653 1113 1685 389.
1163 1658 1294 1685 erraret
1318 1664 1427 1693 itaqu-3
1448 1653 1618 1685 Manilius
1639 1653 1733 1686 dixit

187 1709 228 1736 ut
251 1713 281 1736 11
304 1706 368 1739 714
391 1714 431 1736 ne
456 1715 566 1744 uayus
583 1729 590 1736 .
612 1729 618 1736 .
641 1729 648 1736 .
669 1714 782 1742 erres;
815 1704 978 1736 similiter
1005 1704 1049 1736 de
1075 1704 1229 1746 planetis
1256 1704 1430 1736 Horatius
1458 1705 1558 1747 epist.
1586 1713 1601 1736 Ι
1626 1705 1667 1736 12
1691 1705 1731 1739 17

186 1760 355 1796 uaqentur
384 1761 413 1787 et
443 1760 566 1794 errent,
596 1755 718 1788 Cicero
750 1756 836 1787 Tim.
858 1766 886 1787 0.
909 1756 950 1788 10
979 1766 1072 1796 υαῃα
1103 1761 1132 1788 et
1162 1756 1321 1788 mutabili
1355 1757 1525 1788 erratione
1555 1756 1728 1795 labuntur,

187 1810 310 1839 contra
325 1807 370 1839 ib.
391 1818 419 1839 c.
440 1808 460 1839 6
478 1807 590 1846 (deus)
607 1807 649 1839 ab
665 1807 757 1839 omni
778 1808 948 1839 erratione
969 1818 1046 1839 eum
1067 1808 1264 1847 (mundum)
1285 1807 1456 1847 liberauit,
1474 1808 1672 1850 Appuleius
1688 1807 1731 1840 de

186 1858 305 1890 mund.
336 1859 378 1891 29
409 1869 484 1890 cum
515 1859 669 1890 caelum.
691 1883 698 1890 .
720 1883 726 1890 .
749 1858 919 1890 inei-rami
949 1869 1051 1890 cursu
1072 1859 1238 1899 feratur:
1277 1860 1315 1890 in
1341 1859 1464 1901 primis
1496 1859 1564 1891 huc
1594 1859 1732 1891 faciunt

186 1910 268 1942 Luc.
290 1919 303 1942 1
327 1911 391 1942 642
408 1921 481 1952 sqq.
506 1912 586 1941 ‘aut
611 1910 664 1942 hic
689 1910 821 1942 errat’
845 1910 895 1942 ait
922 1910 1038 1942 ‘nulla
1062 1921 1136 1942 cum
1161 1910 1228 1951 leye
1250 1921 1315 1951 per
1338 1922 1461 1942 aeuum
1480 1911 1484 1953 1
1505 1911 1676 1943 mundus
1701 1916 1731 1943 et

185 1962 311 1994 incerto
345 1961 542 1993 discurrant
572 1961 688 1993 sidera
722 1966 824 2000 motu,
849 1962 853 2002 Ι
874 1967 947 2000 aut,
979 1961 1009 1993 si
1037 1961 1124 2003 fata
1154 1962 1312 2001 mouent,'
1343 1965 1409 1994 etc.
1458 1973 1601 2004 prorsus
1634 1966 1731 1995 recte

185 2013 378 2052 Bentleius,
411 2023 490 2044 cum
528 2023 712 2055 perperam
742 2024 883 2044 uersum
915 2013 1025 2045 deleri
1063 2013 1184 2050 uellet,
1217 2013 1315 2055 ‘quis
1345 2014 1421 2046 sani
1453 2015 1580 2056 capitis
1614 2017 1730 2046 totum

185 2064 354 2096 mundum
370 2075 498 2105 uanum
515 2064 790 2106 appellauerit?’
813 2075 916 2106 quem
934 2069 1057 2096 contra
1078 2065 1337 2097 inconsiderate
1359 2065 1522 2107 disputat
1537 2065 1730 2107 Pingraeus

185 2116 252 2148 1101.
281 2125 310 2148 11
335 2127 368 2158 p.
397 2117 459 2150 307
488 2120 524 2147 et
551 2116 663 2148 multo
690 2117 802 2158 magis
832 2116 980 2148 Iacobus
1007 2127 1123 2158 progr.
1149 2116 1275 2148 Lubee.
1306 2118 1390 2149 1834
1416 2127 1449 2158 p.
1477 2117 1507 2149 3.
1557 2117 1620 2156 sol,
1645 2128 1725 2157 nox,

186 2168 301 2200 sidera
317 2168 438 2207 (etiam
455 2167 534 2206 fixa,
555 2179 625 2199 non
642 2178 724 2199 sane
741 2168 777 2199 in
793 2177 807 2199 1
824 2168 877 2205 52,
897 2178 1000 2209 quem
1016 2179 1156 2200 uersum
1173 2168 1366 2210 Pingraeus
1383 2168 1512 2208 adfert,
1531 2169 1593 2201 sed
1609 2169 1725 2201 Germ.

185 2220 308 2261 phaen.
338 2221 389 2258 17,
420 2219 498 2252 Sen.
524 2219 612 2260 Thy.
638 2220 712 2258 834,
743 2219 819 2251 Oct.
851 2220 928 2259 389)
960 2230 1049 2262 uaga
1081 2222 1175 2259 sunt,
1209 2230 1298 2262 quae
1329 2220 1461 2252 abeunt
1491 2231 1510 2252 e
1540 2224 1729 2263 conspeetu

184 2271 401 2313 redeuntque
415 2283 424 2309 ;
457 2271 608 2303 mundus
632 2271 800 2303 uolubilis
832 2271 1090 2313 uersatilisque,
1118 2282 1187 2303 non
1212 2282 1331 2314 uagus.
1389 2283 1470 2304 nam
1495 2272 1532 2304 in
1556 2272 1730 2313 solimique

185 2322 360 2354 adiectiuo
384 2323 439 2354 uis
466 2323 613 2354 alterius
638 2323 786 2354 membri
817 2322 904 2354 adeo
931 2322 1111 2354 delitescit
1137 2327 1179 2355 ut
1205 2322 1338 2361 Cicero,
1364 2323 1659 2365 quemadmodum
1685 2323 1729 2355 de

184 2374 239 2406 off.
261 2383 273 2405 1
297 2375 357 2408 157
381 2374 572 2415 εοῖίιιαῃαυι
593 2375 812 2414 ςοῃηῑίἰοηεηι
835 2375 954 2416 posuit
975 2385 1037 2416 pro
1054 2374 1223 2413 solitaria,
1243 2375 1294 2406 ita
1316 2375 1403 2406 Tim.
1425 2386 1452 2407 e.
1469 2376 1489 2408 6
1506 2376 1635 2408 caelum
1651 2375 1727 2407 soli-

184 2436 312 2467 uaqum
327 2425 453 2457 Latine
474 2426 606 2457 dixerit
627 2425 688 2457 ubi
704 2425 836 2458 Graece
858 2425 960 2457 Plato
982 2427 1111 2466 οὐρανὸν
1133 2428 1189 2457 ἕνα
1210 2428 1306 2464 μόνον
1329 2428 1466 2467 ἔρημον;
1489 2437 1601 2469 11011110
1623 2426 1729 2459 aliter

184 2477 409 2509 iudicandum
427 2480 480 2509 est
495 2477 538 2508 (10
554 2477 647 2509 laud.
663 2477 730 2509 Pis.
750 2478 788 2509 19
804 2477 974 2509 aetheriae
990 2478 1091 2509 moles
1107 2477 1329 2518 circumuaqa
1337 2478 1504 2519 flammae
1591 2478 1634 2510 ⁷2
1648 2489 1724 2518 sua,

184 2528 278 2570 quod
294 2540 313 2560 a.
330 2529 490 2561 Bentleio
506 2529 737 2561 sollicitatum
754 2529 946 2561 Bechertus
969 2529 1122 2561 absurda
1143 2529 1436 2571 interpretatione
1455 2530 1549 2562 tueri
1565 2533 1724 2569 conatur,

185 2590 254 2612 non
275 2580 389 2612 minus
411 2585 505 2612 recte
527 2580 663 2612 dictum
685 2584 740 2612 est
763 2590 868 2622 quam
890 2580 992 2612 Ouid.
1014 2580 1142 2612 remed.
1165 2581 1369 2620 17611631111,
1390 2581 1481 2622 quod
1499 2581 1644 2622 peperit,
1665 2581 1727 2613 uix

174 2632 275 2672 jerat
291 2632 394 2663 arbor
409 2642 503 2668 onus,
520 2631 600 2663 fast.
621 2641 661 2663 1v
678 2633 741 2664 459
758 2637 793 2663 ut
811 2632 918 2664 uitulo
939 2631 1046 2672 muyit
1063 2643 1127 2663 sua
1148 2637 1258 2664 mater
1278 2632 1320 2664 ab
1341 2632 1439 2664 ubere
1459 2638 1571 2673 rapto.
1620 2643 1641 2664 a
1657 2633 1725 2665 dis-

184 2683 308 2724 positis
335 2683 494 2715 cursibus
520 2683 727 2715 aberrarent
754 2683 870 2714 sidera
896 2694 954 2714 eos
979 2694 1120 2715 seruare
1146 2683 1252 2715 solita
1348 2683 1390 2714 73
1413 2694 1476 2725 que
1503 2685 1725 2726 negationem

185 2735 389 2766 continuare
405 2737 549 2776 propter
564 2734 732 2766 Iacobum
749 2734 937 2766 (licendum
953 2738 1008 2766 est
1095 2735 1136 2766 77
1160 2744 1227 2773 par
1243 2734 1318 2767 cod.
1338 2734 1447 2774 Flor„
1466 2745 1551 2774 pars
1569 2739 1653 2768 GLM

227 2796 333 2827 aequo
343 2791 498 2827 parente,
518 2786 697 2827 aequitate
712 2786 869 2827 parentis
884 2785 1058 2825 ministra,
1071 2789 1112 2818 ut
1128 2786 1204 2817 qu.
1220 2795 1234 2817 1
1252 2787 1292 2819 13
1308 2786 1455 2818 adsiduo
1470 2792 1592 2828 ruptae
1607 2787 1725 2819 lectore

184 2837 357 2868 columnae
444 2837 485 2868 78
502 2839 634 2869 sideret
646 2837 838 2873 Bentleius,
850 2840 968 2869 sidera
983 2837 1065 2869 libri
1150 2840 1244 2869 orbis
1261 2840 1357 2876 ΘΒΜ,
1374 2841 1475 2870 nobis
1495 2849 1560 2880 pro
1572 2849 1644 2870 uar.
1655 2848 1720 2870 scr.

183 2890 234 2920 GL
255 2892 400 2930 propter
422 2893 586 2928 metrum,
605 2888 750 2920 eandem
773 2888 816 2920 ob
833 2899 973 2920 causam
994 2892 1031 2921 et
1046 2891 1140 2922 orbis
1156 2888 1230 2921 cod.
1253 2888 1410 2921 Venetus
1498 2889 1540 2921 79
1562 2892 1724 2922 minusue
