1931 3202
252 77 278 116 2
852 73 913 116 Μ.
944 73 1080 116 MAN
1082 72 1195 115 ILII

425 198 702 239 erroremque
723 183 847 225 ducis
868 182 1066 233 totidem,
1088 185 1197 238 quot
1217 183 1397 231 uicerat,
1419 183 1547 224 annis

345 269 366 299 5
426 258 585 301 luctati
607 272 726 300 remo
746 258 1057 314 geminataque
1079 257 1293 314 Pergama
1313 262 1450 313 ponto

249 367 324 398 sine
354 377 458 399 sensu
488 366 573 398 ferri
603 364 958 403 animaduerteretur,
986 364 1092 406 paulo
1122 364 1260 397 doctior
1291 363 1452 396 adhibita
1482 366 1536 396 est
1566 364 1789 403 coniectura;

249 428 462 460 quamquam
487 417 637 449 fortasse
660 416 780 448 subest
805 416 842 448 id
869 426 979 458 genus
1006 415 1124 448 mendi
1147 426 1216 458 quo
1241 416 1278 448 in
1306 415 1424 448 Plauti
1451 415 1526 448 cod.
1555 415 1790 448 Ambrosiano

249 479 313 511 pro
338 468 466 501 Hector
489 467 566 501 Cas.
593 468 657 500 995
682 467 854 509 scriptum
878 469 932 499 est
956 472 1095 499 ecastor.
1144 467 1263 508 maqni
1285 471 1452 508 pectora
1476 466 1655 499 Achillis
1682 466 1791 500 Silius

249 522 498 551 commemorat
522 527 562 550 XI
587 519 662 557 450,
690 518 895 560 Propertius
918 527 959 549 IV
984 519 1020 550 ll
1046 519 1089 551 39
1113 518 1241 551 Persen
1263 519 1394 560 proaui
1415 518 1633 551 simulantem
1651 524 1791 560 pectus

249 570 409 603 Achilli
422 582 430 609 3
454 570 545 602 adde
561 569 689 602 Catull.
704 570 746 602 64
761 569 824 602 338
841 579 892 611 sq.
906 569 1058 601 Achilles
1079 570 1084 610 Ι
1103 570 1250 602 hostibus
1266 570 1362 602 haud
1377 575 1467 611 terqo
1483 570 1542 602 sed
1553 570 1646 610 forti
1657 576 1790 612 pectore

248 626 357 661 notus,
385 621 487 654 Ouid.
516 624 582 653 art.
612 629 625 652 1
655 621 720 653 209
746 625 905 662 ter-(saque
932 620 1147 653 Parthorum
1173 621 1395 662 Romanaque
1421 626 1562 662 pectora
1591 621 1706 653 dicam

292 676 425 706 uictam
448 673 484 705 in
508 681 521 704 1
545 673 608 707 766
631 674 657 704 G
680 674 716 704 et
738 682 781 704 ex
807 675 941 704 metam
963 682 1050 704 corr.
1071 675 1116 709 Μ,
1136 675 1294 704 *uictam
1323 674 1434 711 (erasa
1459 676 1500 704 ut
1516 672 1659 705 uidetur
1681 675 1730 712 111)
1753 676 1788 712 1.‚

247 728 366 757 tutam
389 724 470 756 libri
493 723 558 755 hoc
581 724 666 755 loco.
715 727 922 765 argumento
946 723 1070 755 Iliadis
1093 723 1324 765 significando
1351 723 1440 756 illud
1465 724 1576 766 magis
1600 725 1788 757 conuenit:

249 777 377 810 uictam
397 776 454 809 sub
476 776 621 808 Hectore
645 775 738 808 idem
762 775 859 807 ualet
874 775 969 817 quod
992 775 1080 808 uicto
1102 776 1247 808 Hectore
1270 776 1397 808 uictam
1410 788 1419 814 ;
1442 776 1606 808 similiter
1622 786 1662 809 1v
1677 778 1721 809 24
1736 787 1785 820 sq.

252 828 359 860 Troia
374 828 433 861 sub
449 838 516 859 uno
535 827 539 868 Ι
560 837 627 859 non
642 837 761 859 euersa
777 826 854 859 uiro
877 827 989 866 (saluo
1006 827 1127 859 Aenea
1148 827 1273 866 salua),
1292 827 1435 860 Petron.
1459 828 1520 860 119
1535 829 1578 860 48
1594 839 1645 870 sq.
1665 828 1700 860 in
1724 839 1790 861 uno

250 879 411 919 (Catone)
422 879 514 911 uicta
526 883 675 920 potestas
694 878 698 920 Ι
722 878 979 919 Romanumque
995 878 1106 916 decus,
1120 879 1225 911 Aetn.
1239 879 1304 911 590
1316 879 1539 921 extinctosque
1555 890 1615 912 suo
1628 880 1790 921 Phryyas

250 932 407 969 Hectore,
425 931 522 963 anth.
543 930 617 962 Pal.
637 939 693 962 VII
717 930 778 962 139
802 931 817 962 1
834 929 966 971 ’Ἐκτορι
989 931 1046 968 μὲν
1070 931 1164 971 Τροίη
1187 931 1422 970 συγκάτθανεν,
1442 932 1575 963 Auson.
1593 931 1655 964 231
1675 931 1786 973 (Peip.

249 993 282 1025 p.
303 984 357 1023 77)
374 982 535 1015 Hectoris
550 982 603 1014 hic
616 981 775 1020 tumulus,
793 992 870 1014 cum
885 992 950 1022 quo
966 992 1029 1013 sua
1049 981 1155 1014 Troia
1171 982 1304 1022 sepulta
1319 986 1365 1014 est
1379 994 1390 1015 .·
1408 982 1413 1021 Ι
1434 982 1626 1014 conduntur
1638 983 1788 1024 pariter,

249 1034 309 1076 qui
335 1034 467 1075 periere
493 1033 606 1073 simul,
632 1034 730 1065 anth.
758 1033 836 1065 Lat.
865 1033 957 1065 Ries.
985 1034 1047 1065 431
1073 1034 1092 1067 7
1120 1043 1170 1075 sq.
1197 1038 1257 1065 aut
1284 1038 1321 1065 ut
1346 1033 1508 1066 Achilleis
1531 1033 1654 1074 infelix
1685 1034 1790 1067 Troia

248 1086 384 1119 lacertis
403 1086 406 1127 Ι
428 1090 592 1127 quassata
613 1085 779 1117 Hectoreo
799 1085 938 1117 ttulncre
960 1084 1154 1123 conciderit,
1173 1085 1238 1117 630
1260 1085 1280 1119 7
1293 1095 1344 1127 sq.
1364 1085 1417 1117 ille
1433 1085 1674 1118 Menoetiadae
1689 1085 1790 1118 soluit

248 1151 299 1172 me
312 1139 447 1172 uindice
459 1149 599 1180 poenas,
622 1139 626 1180 Ι
648 1139 824 1179 Pergama
840 1144 917 1170 tunc
929 1138 1030 1179 ferro
1048 1138 1253 1180 procubuere
1273 1149 1356 1178 meo,
1375 1139 1437 1171 631
1460 1140 1480 1171 3
1493 1150 1545 1181 sq.
1562 1139 1712 1172 occubuit
1728 1140 1790 1172 telo

248 1191 388 1224 uiolenti
408 1191 518 1223 uictas
532 1190 691 1229 Achillis,
715 1189 720 1231 Ι
741 1189 918 1222 occubuere
939 1190 1040 1222 simul
1063 1200 1201 1231 spesque
1223 1190 1380 1232 salusque
1396 1190 1589 1232 Phryyum,
1609 1190 1686 1224 Sen.
1707 1192 1785 1224 Tro.

250 1244 311 1276 128
328 1254 378 1285 sq.
398 1247 505 1275 tecum
526 1242 655 1281 cecidit,
677 1252 892 1282 summusque
912 1242 984 1274 dies
1003 1242 1008 1282 Ι
1029 1242 1188 1274 Hectoris
1209 1242 1301 1274 idem
1318 1242 1524 1284 patriaeque
1538 1243 1626 1284 suit,
1645 1243 1687 1275 Il.
1708 1243 1786 1276 Lat.

248 1296 312 1330 978
329 1295 497 1334 (Hectore
521 1293 681 1333 cadente)
709 1293 812 1324 Troes
834 1303 897 1325 sua
913 1292 1048 1333 fimera
1070 1298 1232 1331 maerent,
1254 1294 1337 1325 1019
1352 1304 1402 1335 sq.
1422 1294 1494 1326 ruit
1517 1294 1626 1326 omnis
1646 1294 1684 1326 in
1703 1297 1786 1338 ἰιηοΙ

249 1347 395 1379 Hectore
410 1356 516 1379 cau-sa
531 1345 723 1386 Plzrysyum,
745 1345 829 1377 1040
845 1345 1004 1377 Hectoris
1019 1344 1160 1376 interitu
1175 1344 1290 1376 uici-sti
1306 1345 1483 1376 Dardana
1497 1355 1616 1386 requa,
1633 1347 1717 1379 1054
1733 1346 1789 1379 illo

248 1409 394 1440 namque
415 1408 495 1439 roqo
518 1402 678 1429 natorum
692 1397 827 1438 fimera
848 1401 998 1435 cernunt,
1020 1397 1103 1429 1056
1119 1396 1263 1428 ardebat
1277 1396 1427 1437 flamma
1443 1407 1589 1438 namque
1603 1397 1696 1429 Eion
1712 1397 1788 1437 illa,

250 1451 353 1483 Hom.
375 1450 417 1482 Il.
437 1458 530 1482 XXIV
546 1449 610 1481 243
626 1459 676 1490 sq.
696 1449 832 1490 ῥηΐτεροι
847 1449 911 1488 ’γὰρ
933 1449 1059 1486 μᾶλλον
1077 1447 1256 1487 Ἀχαιοῖσιν
1276 1449 1313 1486 δὴ
1330 1449 1443 1479 ἔσεσθε
1462 1448 1467 1489 Ι
1489 1450 1590 1480 κείνου
1606 1450 1791 1487 τεθνηῶτοσ

250 1504 410 1544 ἐναιρέμεν
498 1505 654 1532 ceterum
670 1499 764 1541 quod
780 1499 961 1530 Breiterus
977 1499 1013 1530 in
1030 1498 1147 1530 Fleek.
1161 1498 1276 1530 annal.
1293 1498 1360 1530 uol.
1378 1499 1439 1531 139
1454 1510 1488 1541 p.
1505 1500 1566 1534 197
1582 1500 1790 1542 simpliciter

248 1555 316 1586 huc
332 1553 519 1586 transtulit
535 1561 549 1584 1
565 1552 639 1590 766,
656 1551 924 1591 Hectoreumqne
932 1549 1026 1591 facit
1041 1550 1159 1582 nescio
1175 1560 1243 1592 quo
1261 1550 1364 1582 modo
1380 1561 1423 1582 ex
1439 1559 1464 1581 v
1479 1551 1544 1583 300
1560 1550 1718 1584 Hectoris
1734 1552 1788 1584 ille

241 1607 340 1647 jaces
356 1608 473 1638 ortum
489 1614 563 1636 esse
579 1603 756 1645 opinatus,
775 1602 836 1634 illa
849 1606 963 1634 castra
979 1602 1104 1633 ducum
1120 1606 1149 1633 et
1165 1601 1251 1633 caeli
1263 1603 1366 1643 (quae
1378 1602 1440 1643 qui
1455 1602 1608 1644 scripsit,
1624 1603 1653 1635 is
1666 1603 1790 1636 Graios

249 1662 286 1690 et
311 1657 478 1689 Troianos
505 1665 584 1687 cum
610 1655 682 1686 suis
709 1659 877 1695 utrosque
902 1653 977 1685 deis
1000 1654 1094 1685 iuter
1118 1663 1154 1685 se
1183 1652 1357 1685 bellantes
1382 1664 1452 1685 non
1477 1657 1552 1686 tam
1577 1654 1791 1696 significauit

249 1719 354 1751 quam
375 1706 570 1750 significare
593 1705 747 1738 uoluisse
770 1704 1060 1747 deprehenditur)
1083 1715 1195 1746 neque
1217 1704 1415 1745 asyndeton
1436 1706 1657 1738 commendat
1678 1717 1790 1749 neque

250 1761 285 1792 in
307 1761 466 1802 proximo
488 1769 592 1790 uersu
612 1758 768 1800 positum
791 1756 890 1788 ducis
915 1767 1041 1788 nomen
1129 1756 1151 1786 4
1173 1756 1324 1789 uicerat:
1351 1756 1504 1799 Scaliger
1524 1758 1650 1790 attulit
1672 1758 1755 1790 Luc.
1776 1768 1789 1790 1

249 1812 314 1844 299
329 1822 379 1854 sq.
399 1811 561 1843 bellorum
582 1820 600 1842 o
621 1808 712 1847 socii,
730 1808 790 1849 qui
807 1808 898 1840 mille
915 1807 1074 1849 pericula
1095 1808 1226 1839 Marti-s
1245 1809 1249 1848 Ι
1270 1818 1409 1847 mecum,
1429 1809 1490 1847 ait,
1509 1810 1640 1850 experti
1661 1810 1791 1842 decimo

249 1864 322 1896 iam
344 1862 480 1895 uincitis
503 1871 593 1893 anno
682 1860 701 1891 5
723 1863 853 1892 luctati
874 1860 1004 1891 remo÷÷
1027 1861 1278 1898 (=inctantem
1302 1862 1347 1898 0),
1365 1862 1559 1892 instantem
1580 1864 1671 1893 bello
1694 1861 1788 1900 libri,

249 1918 377 1947 iactati
388 1917 515 1953 pelago
525 1912 717 1951 Bentleius,
730 1914 917 1953 postquam
933 1910 979 1943 ad
992 1910 1078 1943 Hor.
1093 1921 1197 1943 carm.
1212 1920 1226 1942 1
1242 1912 1262 1943 6
1275 1912 1294 1945 7
1311 1911 1380 1943 alia
1393 1913 1586 1953 temptauit
1600 1924 1608 1951 3
1632 1913 1790 1946 instantis

251 1967 329 2006 (hoc
342 1966 472 2007 Fayus)
484 1965 606 2006 pelaqo
623 1965 785 2006 imperite
800 1963 973 2004 praetulit
985 1962 1190 2004 Pingraeus,
1205 1966 1383 2004 tamquam
1397 1964 1446 1995 sic
1462 1963 1606 2005 propius
1621 1964 1667 1996 ad
1682 1964 1790 1997 libros

250 2017 441 2050 accederet.
501 2018 696 2048 ceterorum
723 2015 944 2046 coniecturae
972 2025 1011 2046 eo
1038 2014 1183 2046 inutiles
1213 2019 1297 2046 sunt
1323 2014 1418 2056 quod
1447 2015 1584 2047 nullum
1615 2020 1792 2058 reponunt

250 2069 464 2112 genetiuum,
483 2078 587 2110 quem
599 2077 717 2099 casum
733 2070 876 2108 propter
891 2066 1137 2107 praecedentia
1153 2065 1291 2098 totidem
1302 2071 1382 2107 quot
1397 2066 1527 2099 uicerat
1543 2067 1644 2099 anni-5
1660 2069 1791 2110 requiri

251 2121 399 2154 Iacobus
425 2130 563 2162 quoque
589 2119 711 2157 sensit,
737 2128 850 2160 neque
876 2118 969 2149 enim
996 2128 1092 2149 error
1114 2117 1230 2149 Vlixis
1257 2117 1408 2149 Troiano
1438 2118 1530 2150 bello
1557 2119 1703 2159 uicerat,
1729 2119 1790 2152 sed

250 2173 374 2205 Vlixes
397 2171 553 2203 nondum
575 2169 795 2202 errabundus
808 2181 817 2208 ;
844 2180 888 2201 ne
911 2169 1000 2201 illud
1023 2169 1162 2208 addam,
1188 2168 1323 2200 nudum
1346 2169 1445 2201 ducis
1468 2180 1594 2202 nomen
1618 2181 1681 2203 nec
1703 2172 1791 2203 satis

252 2225 430 2266 eleganter
455 2225 492 2254 et
518 2222 622 2254 nimis
649 2220 788 2253 infinite
814 2221 907 2263 poni.
958 2220 1139 2252 Bentleius
1165 2220 1356 2262 adscripsit
1382 2220 1485 2253 Ouid.
1512 2232 1619 2254 amor.
1647 2231 1676 2254 11
1704 2224 1719 2254 1
1748 2223 1788 2255 31

252 2276 373 2317 quique
390 2280 434 2307 tot
451 2274 599 2306 errando
611 2278 690 2314 quot
707 2272 788 2304 bello
799 2272 957 2313 perdidit
968 2282 1086 2310 annos,
1099 2275 1165 2304 art.
1182 2281 1228 2304 111
1243 2273 1282 2304 15
1298 2283 1348 2314 sq.
1362 2278 1407 2304 est
1421 2274 1484 2314 pia
1496 2273 1663 2315 Penelope
1673 2274 1792 2306 lustris

251 2331 385 2371 errante
407 2325 559 2366 dnobus}
582 2330 611 2356 et
634 2325 772 2356 totidem
794 2323 912 2356 lustris
935 2324 1019 2356 bella
1043 2328 1174 2364 yerente
1196 2323 1286 2362 uiro,
1305 2323 1428 2356 Claud.
1456 2324 1550 2356 laud.
1578 2324 1650 2358 Ser.
1677 2326 1719 2360 27
1746 2325 1790 2358 de

250 2379 356 2411 Vlixe
372 2377 468 2410 saeui
483 2377 621 2409 totidem
637 2375 730 2408 bellis
746 2380 824 2417 quot
831 2375 994 2416 flactibus
1010 2375 1095 2406 anni
1108 2387 1115 2406 :
1143 2374 1235 2407 adde
1252 2374 1322 2408 Cic.
1340 2375 1384 2407 de
1399 2375 1456 2408 off.
1474 2385 1519 2408 111
1536 2377 1577 2409 99
1594 2377 1646 2408 illi
1663 2377 1789 2416 (Vlixi)

251 2441 318 2462 non
333 2429 432 2462 modo
448 2439 525 2461 cum
540 2427 688 2460 hostibus
703 2437 824 2459 fecerum
839 2427 942 2459 etiam
958 2437 1034 2459 cum
1041 2426 1215 2468 flactibus,
1228 2426 1266 2458 id
1282 2427 1477 2468 quodsecit,
1489 2427 1655 2460 dimicare
1671 2429 1792 2461 melius

243 2482 318 2523 fuit
334 2492 439 2523 quam
454 2484 536 2518 etc.‚
555 2479 651 2511 Man.
673 2488 686 2510 Ι
702 2479 766 2513 762
782 2489 831 2520 sq.
852 2483 1027 2519 terraeque
1043 2478 1216 2520 marisque
1234 2478 1419 2519 triumphis
1438 2478 1443 2520 Ι
1463 2484 1609 2512 naturae
1630 2480 1791 2512 uictorem

252 2534 422 2571 Ithacum,
442 2532 503 2574 qui
526 2531 593 2562 loci
615 2541 773 2573 quaeque
796 2530 854 2562 hic
876 2531 1000 2562 statim
1020 2529 1243 2561 subiciuntur
1265 2531 1383 2572 potius
1404 2530 1526 2563 luctati
1540 2531 1665 2572 pelaqo
1685 2542 1790 2573 quam

251 2585 372 2617 iactati
387 2582 610 2615 scribendum
626 2582 788 2620 suadent,
806 2592 875 2623 quo
898 2581 1001 2613 modo
1018 2580 1125 2614 Silius
1142 2581 1280 2613 locutus
1296 2584 1350 2613 est
1372 2590 1440 2613 xiv
1455 2583 1520 2614 454
1540 2583 1646 2615 crudo
1665 2583 1791 2615 luctari

246 2637 381 2677 pelaqo.
429 2634 475 2666 ad
491 2644 602 2665 meam
619 2633 856 2665 coniecturam
872 2632 966 2675 quod
987 2633 1130 2671 attinet,
1149 2632 1231 2664 uide
1247 2632 1349 2665 Ouid.
1364 2633 1456 2665 trist.
1477 2642 1517 2665 IV
1532 2635 1552 2666 5
1571 2635 1610 2666 19
1626 2635 1728 2667 remis
1742 2635 1791 2666 ad

252 2698 348 2729 opem
369 2688 500 2719 luctare
514 2684 713 2725 ferendam,
732 2684 837 2726 Verg.
858 2685 946 2716 Aen.
966 2693 1021 2715 vn
1037 2684 1079 2716 28
1103 2684 1139 2715 in
1161 2684 1248 2716 lento
1271 2684 1446 2716 luctantur
1468 2695 1638 2718 marmore
1661 2691 1788 2725 tonsae,

253 2747 324 2770 vul
340 2739 381 2771 89
397 2747 488 2770 remo
505 2741 541 2768 ut
557 2737 723 2768 luctamen
739 2735 874 2768 abesset.
922 2736 958 2767 lu
979 2739 1016 2767 et
1036 2735 1073 2767 in
1094 2735 1238 2767 confusa
1261 2736 1402 2767 memini
1423 2735 1528 2778 Verg.
1548 2737 1635 2769 Aen.
1657 2746 1696 2769 VI
1712 2737 1787 2776 725,

253 2790 313 2822 ubi
336 2789 502 2830 ingyentem
526 2787 707 2819 Mediceus
730 2798 793 2829 pro
816 2787 989 2825 lucentem,
1013 2786 1074 2819 Sil.
1095 2795 1151 2818 ΧΠ
1174 2788 1250 2826 448,
1274 2786 1335 2818 ubi
1359 2787 1501 2819 innabat
1525 2788 1608 2820 libri
1630 2788 1792 2830 plerique

253 2852 317 2883 pro
342 2840 495 2878 innabat,
522 2839 617 2871 Man.
639 2847 678 2871 1v
703 2839 744 2871 29
772 2839 808 2870 111
832 2841 877 2877 Μ,
903 2839 963 2880 qui
986 2838 1117 2870 includi
1140 2848 1204 2880 pro
1229 2838 1358 2870 includi
1380 2838 1535 2878 exhibet,
1564 2840 1656 2872 sicut
1683 2841 1789 2872 etiam
