1931 3202
620 98 1105 142 ASTRONOMICON
1146 98 1195 139 II
1627 102 1680 141 77

186 218 251 252 710
310 209 477 251 femina
497 209 802 265 subsequitur:
835 209 1074 251 miscentur
1096 209 1235 251 sidere
1257 212 1424 265 partus,

311 283 485 339 singula
505 283 660 324 diuisis
681 283 859 325 uariant
881 283 996 339 quod
1017 283 1220 339 partibus
1241 286 1373 333 astra,

311 357 671 399 dodecatemoriis
692 357 891 413 proprias
914 358 1135 399 mutantia
1156 357 1283 399 uires.

367 446 495 480 nune,
509 431 625 487 quod
646 431 706 473 sit
721 432 944 487 cuiusque,
957 447 1123 480 canani,
1139 446 1280 487 quoue
1297 431 1450 473 ordine
1467 434 1681 481 constent,

309 520 363 547 ne
385 520 526 561 uagus
546 505 710 561 ignotis
731 505 957 561 signorum
979 505 1182 561 partibus
1203 520 1330 547 erres.

185 588 249 622 715
308 579 404 635 ipsa
424 594 504 621 suo
523 579 718 621 retinent
739 580 903 636 primas
925 580 971 620 in
993 594 1170 636 corpore
1191 583 1339 636 partes

309 653 463 704 sidera,
484 653 656 695 uicinae
677 654 970 695 subeuntibus
990 653 1321 703 adtribuuntur,

307 730 452 770 cetera
472 742 552 783 pro
573 742 755 769 numero
777 727 946 770 ducunt
967 743 1021 769 ex
1043 727 1194 770 ordine
1216 730 1376 784 partes,

307 802 465 843 ultima
486 804 530 843 et
550 802 760 843 extremis
782 802 896 843 ratio
917 801 1170 844 conceditur
1190 802 1332 844 astris.

308 876 482 931 singula
503 876 563 917 sie
585 876 780 918 retinent
801 876 927 917 binas
949 876 994 917 in
1016 876 1156 918 sidere
1179 891 1351 932 quoque

184 959 248 993 720
307 949 599 1005 dimidiasque
621 950 710 992 eius
731 953 889 1006 partes,
913 954 957 992 et
979 965 1151 992 summa
1172 951 1366 1006 repletur

130 1163 232 1194 pora,
259 1163 378 1192 mores,
403 1154 407 1194 Ι
437 1178 444 1185 .
465 1177 471 1186 .
494 1178 501 1186 .
523 1153 719 1196 confusique
734 1153 851 1195 fluunt
874 1159 997 1194 partus
1023 1154 1198 1186 hominum
1225 1159 1325 1195 atque
1344 1155 1521 1196 ferarum,
1549 1153 1681 1185 seilicet

133 1204 197 1237 sub
213 1215 283 1236 uno
300 1204 490 1247 eodemque
511 1205 610 1248 signo
632 1212 668 1237 et,
690 1205 847 1237 homines
868 1206 965 1237 nasci
986 1208 1021 1237 et
1042 1205 1204 1247 pecudes,
1224 1206 1295 1237 isto
1311 1209 1414 1248 pacto
1431 1206 1568 1237 ratione
1584 1207 1682 1236 caret

133 1256 274 1288 errandi
295 1255 465 1295 uerbum5
489 1267 601 1298 neque
623 1257 715 1289 enim
740 1257 812 1288 ulla
836 1260 984 1289 naturae
1009 1257 1138 1289 erratio
1162 1262 1224 1289 aut
1249 1256 1487 1289 inconstantia
1504 1257 1539 1288 in
1557 1267 1596 1288 eo
1613 1258 1679 1295 est,

130 1307 225 1350 quod
252 1308 445 1350 pecudibus
472 1308 634 1350 pecudes,
662 1319 731 1340 non
763 1308 932 1347 homines,
963 1312 1168 1341 nascuntur.
1227 1308 1409 1340 Bentleius
1441 1319 1498 1340 uu.
1525 1308 1588 1343 709
1616 1308 1680 1342 710

131 1359 266 1391 deleuit
293 1363 472 1402 tamquam
500 1371 541 1391 ex
570 1369 609 1391 1v
637 1361 695 1392 101
726 1371 800 1402 sqq.
821 1360 955 1392 effictos
1044 1360 1107 1391 710
1135 1363 1249 1392 sidere
1276 1360 1377 1392 codd.
1400 1360 1479 1392 Par.
1506 1364 1544 1391 et
1571 1359 1680 1398 Flor.,

132 1413 249 1443 sidera
267 1414 352 1443 ΘΒΜ
369 1414 409 1443 ut
432 1411 496 1446 719
520 1415 556 1443 et
577 1413 718 1453 passim.
768 1412 853 1443 haec
872 1411 1015 1451 locutio,
1034 1412 1150 1443 sidera
1168 1417 1305 1452 partus,
1325 1416 1362 1443 et
1381 1412 1466 1443 haec
1489 1411 1679 1449 sententia,

131 1462 315 1494 miscentur
337 1462 452 1494 sidera
476 1463 567 1504 quod
594 1463 738 1495 uariant
765 1468 874 1501 astra,
904 1463 1031 1504 quibus
1056 1463 1193 1504 placere
1221 1466 1365 1505 possent
1391 1466 1512 1495 nostra
1540 1462 1681 1494 demum

132 1517 249 1546 aetate
261 1514 459 1546 extiterunt
472 1514 636 1554 editores,
649 1514 843 1546 Beehertus
855 1518 890 1546 et
901 1514 1082 1546 Breiterus
1170 1514 1215 1546 ab
1224 1515 1287 1546 713
1300 1525 1426 1546 nouam
1437 1514 1681 1557 paragraphen

131 1565 322 1597 ordiuntur
344 1568 402 1597 LM
427 1567 475 1604 (in
500 1569 526 1597 G
548 1566 683 1608 aliquid
706 1566 814 1608 spatii
839 1568 918 1605 est),
945 1566 1072 1608 quibus
1097 1566 1378 1608 obtemperatum
1403 1566 1563 1608 oportuit

174 1616 238 1648 713
261 1620 355 1655 quod
375 1620 420 1655 M,
440 1620 526 1656 quid
547 1620 596 1649 GL
683 1621 846 1649 constent
862 1621 885 1649 L
902 1621 938 1649 et
954 1618 1028 1650 cod.
1046 1618 1216 1656 Venetus,
1236 1621 1374 1650 constet
1395 1621 1454 1650 GM
1544 1627 1678 1655 canam,

131 1669 260 1711 inquit,
286 1669 380 1710 quod
407 1670 575 1711 cuiusque
602 1670 689 1701 astri
718 1669 1039 1701 dodecatemorium
1067 1670 1124 1708 sit,
1156 1671 1308 1711 primum
1337 1671 1372 1701 in
1399 1669 1522 1701 Ariete
1548 1668 1682 1701 Arietis

131 1720 252 1761 ipsius,
279 1720 470 1752 secundum
494 1721 612 1760 Tauri,
639 1724 756 1752 cetera
783 1720 948 1763 deinceps
975 1724 1181 1753 ceterorum.
1232 1721 1392 1762 cuiusque
1420 1732 1489 1752 una
1516 1731 1585 1752 uox
1612 1723 1678 1759 est,

130 1782 211 1811 non,
230 1776 270 1804 ut
287 1771 414 1804 Iacobo
430 1773 544 1804 uisum
565 1776 631 1812 est,
650 1772 750 1804 duae.
800 1783 886 1814 quae
903 1773 970 1805 sint
989 1773 1067 1811 (sint
1088 1773 1185 1805 Voss.
1206 1774 1258 1812 18)
1276 1773 1458 1805 Bentleius
1475 1776 1508 1804 Μ
1524 1772 1679 1804 nondum

129 1824 286 1863 inuento,
306 1824 427 1856 eadem
443 1824 630 1856 sententia.
680 1824 829 1856 Iacobus
852 1824 1044 1856 Bechertus
1064 1824 1245 1856 Breiterus
1266 1825 1361 1867 quod
1383 1835 1552 1857 consensu
1569 1824 1681 1856 edunt

131 1875 216 1917 quid
242 1876 308 1908 sint
335 1886 504 1908 consensu
530 1877 825 1918 praetermittunt
852 1876 1049 1918 explicare:
1085 1876 1170 1918 quid
1202 1877 1274 1908 sint
1301 1876 1583 1908 dodecatemoria
1611 1877 1680 1908 iam

130 1938 188 1959 uu.
206 1928 356 1962 696—700
372 1928 571 1969 expositum
588 1930 642 1959 est
731 1938 848 1969 quoue,
869 1932 905 1960 et
921 1938 1000 1970 quo.
1047 1928 1131 1960 item
1149 1937 1189 1959 1v
1205 1929 1269 1961 310
1285 1939 1324 1960 ue
1340 1928 1516 1970 particula
1532 1928 1680 1960 interro·

130 1979 251 2020 gatiuo
271 1980 470 2020 pronomini
492 1978 650 2011 subiecta
671 1980 743 2011 uim
762 1979 1011 2012 disiunctiuam
1034 1979 1191 2021 deponit,
1210 1990 1299 2012 mmc
1316 1990 1401 2021 quae
1418 1980 1485 2012 sinc
1501 1980 1680 2012 coniuncta

130 2029 260 2072 quibus,
277 2041 384 2072 quoue
397 2030 527 2070 ordine,
543 2031 688 2063 reddam
704 2042 713 2069 ;
737 2034 777 2062 ut
791 2040 836 2062 111
848 2032 911 2065 276
924 2042 987 2073 pro
1001 2031 1135 2063 tradito
1147 2042 1274 2072 quoque
1287 2043 1356 2063 non
1370 2035 1443 2063 tam
1459 2042 1538 2063 cum
1555 2031 1678 2073 Regio-

130 2085 297 2114 montano
309 2087 452 2123 quotque
462 2082 684 2114 scribendum
696 2088 816 2124 putem
827 2093 933 2125 quani
945 2094 1034 2115 nunc
1044 2094 1116 2124 asle,
1130 2088 1208 2124 quob
1219 2083 1341 2115 stadiis
1352 2088 1380 2115 et
1392 2088 1520 2125 quanto
1532 2087 1680 2124 tempore

129 2138 272 2174 sur-,qaut
294 2132 298 2176 Ι
317 2134 444 2172 sidera,
474 2139 617 2175 quotue
641 2135 780 2173 cadant,
806 2134 921 2166 animo
949 2145 1102 2174 coslnosce
1125 2134 1263 2175 sayaci:
1298 2138 1392 2167 certe
1416 2135 1452 2166 in
1475 2135 1573 2167 anth.
1597 2135 1675 2166 Lat.

131 2184 225 2217 Ries.
242 2186 306 2218 596
322 2187 343 2217 4
355 2196 404 2228 sq.
423 2185 519 2224 (RL.
528 2186 576 2217 M.
594 2185 719 2218 Baehr.
737 2195 776 2217 1v
789 2197 821 2228 p.
843 2188 917 2225 138)
931 2186 1030 2218 discit
1043 2197 1146 2226 (Jeme-s·
1159 2211 1166 2218 .
1185 2211 1192 2218 .
1210 2211 1217 2218 .
1234 2197 1359 2227 quoue
1375 2187 1475 2219 modo
1489 2214 1497 2223 ‚
1513 2211 1520 2219 .
1539 2211 1546 2218 .
1564 2186 1679 2218 ualeac

129 2247 292 2277 superare
316 2237 479 2279 imperite
501 2237 655 2269 editores
676 2248 806 2278 quoque
828 2237 1061 2269 substituunt.
1111 2238 1260 2279 Vergilii
1284 2239 1320 2269 in
1344 2238 1409 2269 hac
1433 2249 1470 2270 re
1494 2241 1677 2270 consuetu-

131 2287 248 2320 dinem
268 2288 476 2320 inlustrauib
492 2288 677 2331 Philippus
695 2289 892 2330 YVagnerus
914 2293 1048 2331 quaest.
1064 2289 1172 2331 Verg.
1184 2298 1303 2321 XXXVI
1320 2291 1351 2328 5,
1373 2290 1528 2321 Lucretii
1549 2289 1679 2321 Munro

130 2339 176 2371 ad
206 2348 221 2371 1
251 2340 292 2374 57
392 2339 457 2371 714
481 2349 526 2371 ne
555 2340 603 2379 1.2‚
636 2349 701 2372 nec
731 2343 815 2372 GLM
912 2340 975 2372 715
1004 2350 1067 2373 suo
1099 2340 1146 2378 L2,
1177 2350 1242 2373 sua
1268 2343 1352 2373 GLM
1449 2340 1514 2372 716
1540 2343 1679 2373 uicinae

130 2390 324 2431 Bentleius,
345 2394 473 2423 uicinis
494 2391 586 2430 libri,
607 2391 730 2424 uicini-s
749 2392 922 2424 subeuntes
943 2391 1214 2424 Bonincontrius
1305 2392 1571 2424 adtribuuntur:
1597 2392 1678 2424 uide

131 2442 175 2474 ad
191 2451 205 2474 1
220 2442 285 2475 285
373 2442 435 2474 717
455 2454 525 2484 pro
541 2453 692 2482 numero,
716 2446 822 2485 prout
844 2444 880 2475 in
901 2444 1081 2485 signorum
1099 2444 1188 2476 serie
1213 2454 1286 2475 sese
1303 2445 1497 2485 excipiunt,
1516 2444 1675 2483 tertium,

130 2498 308 2536 quartum,
336 2493 501 2536 deinceps
532 2494 666 2536 reliqua
769 2495 910 2534 ducunt,
944 2496 1144 2527 sortiuntur
1247 2495 1311 2526 719
1339 2498 1454 2527 sidere
1482 2495 1676 2534 Bentleius,

131 2547 248 2577 sidera
266 2548 362 2584 GLM,
381 2546 497 2577 sidera
514 2556 665 2587 quaeque
682 2546 769 2578 Vrb.
784 2546 847 2579 668
864 2551 900 2577 et
916 2546 994 2579 edd.
1011 2550 1098 2578 uett.
1114 2547 1188 2578 sine
1205 2557 1308 2578 sensu
1397 2546 1461 2578 720
1485 2549 1560 2578 eius
1569 2547 1603 2586 ἥ,
1622 2550 1679 2579 sui

130 2596 211 2629 libri
242 2597 402 2635 inuersis,
433 2608 522 2639 quae
550 2597 677 2629 hausta
704 2598 818 2639 prima
845 2602 1065 2640 supererant,
1097 2598 1239 2637 litteris,
1270 2598 1333 2630 sibi
1362 2598 1552 2637 Bentleius,
1584 2598 1677 2640 quod

130 2648 245 2680 minus
260 2651 384 2690 aptum
400 2648 617 2690 simplexque
634 2649 777 2680 uidetur
795 2660 900 2691 quam
920 2649 1013 2691 quod
1030 2650 1104 2691 ipse
1120 2651 1230 2692 posui.
1282 2650 1459 2682 contrario
1475 2660 1592 2681 errore
1608 2650 1679 2682 eius

129 2709 193 2741 pro
223 2699 277 2730 sui
307 2700 478 2741 scriptum
510 2701 651 2731 memini
684 2701 718 2732 in
750 2700 820 2732 Cic.
850 2711 914 2743 pro
945 2701 1037 2733 Mur.
1067 2703 1119 2734 62.
1167 2701 1222 2732 sui
1248 2701 1408 2732 Bentleio
1437 2701 1679 2743 Pingraeoque

131 2751 287 2793 exceptis
312 2761 429 2782 omnes
453 2752 621 2790 retinent,
648 2751 808 2783 defendit
831 2763 944 2791 nemo,
971 2752 1065 2794 quod
1089 2753 1194 2794 paulo
1217 2752 1296 2794 plus
1320 2752 1450 2784 laboris
1473 2753 1678 2784 habiturum

130 2805 216 2834 erat.
265 2812 377 2844 neque
406 2803 498 2834 enim
526 2806 589 2834 aut
617 2803 661 2834 ad
687 2803 827 2845 quisque
854 2814 1043 2846 pronomen
1076 2815 1109 2836 u.
1141 2805 1205 2838 719
1236 2803 1378 2846 obliquo
1410 2815 1491 2836 casu
1522 2804 1677 2846 positum

129 2853 253 2885 referri
277 2857 396 2895 potest
421 2854 476 2886 sui
502 2858 565 2886 aut
590 2865 652 2896 per
679 2854 857 2896 prolepsin
885 2855 930 2887 ad
957 2855 1199 2897 praedicatum
1231 2855 1398 2898 adiungi3
1422 2866 1503 2887 nam
1531 2866 1618 2898 quas
1642 2856 1678 2887 in
