1931 3202
589 90 1076 133 ASTRONOMICON
1117 90 1167 131 II
1598 93 1648 131 21

283 203 503 245 aestiuum
524 202 664 244 tardis
685 203 872 244 adtollat
894 202 1117 244 mensibus
1139 216 1316 243 annum.

339 292 418 319 nec
438 280 483 318 te
504 280 754 332 praetereat
775 280 992 319 nocturna
1013 276 1260 332 diurnaque
1281 276 1408 332 signa

281 366 393 407 quae
415 351 505 393 sint
524 352 768 407 perspicere
791 355 835 393 et
855 351 1033 407 propria
1055 350 1268 392 deducere
1289 350 1395 406 lege,

157 434 222 466 205
280 440 369 467 non
390 425 584 467 tenebris
605 428 684 467 aut
704 425 800 467 luce
821 440 946 467 suam
968 425 1227 481 peragentia
1249 427 1410 466 sortem

281 500 404 554 (nam
425 514 654 541 commune
676 499 792 541 foret
813 500 935 541 nullo
957 499 1208 541 discrimine
1229 513 1400 547 nomen,

282 574 431 615 omnia
451 573 568 629 quod
589 573 719 615 certis
740 573 912 615 uicibus
933 588 1011 629 per
1031 575 1231 629 tempora
1254 573 1428 629 fulgent

282 650 327 690 et
347 662 465 689 nunc
485 648 562 689 illa
582 647 685 697 dies,
707 662 825 690 nunc
845 650 996 689 noctes
1016 648 1093 688 illa
1115 649 1394 703 sequuntur,)

282 722 358 764 sed
379 722 539 778 quibus
560 722 637 763 illa
657 737 816 778 parens
837 713 990 763 mundi
1011 725 1173 764 natura
1193 725 1387 763 sacratas

157 806 222 838 210
280 797 491 852 temporis
512 796 731 838 adtribuit
751 800 900 852 partes
921 796 1112 838 statione
1134 796 1329 852 perenni.

281 886 472 927 namque
494 871 712 927 Sagittari
733 871 911 926 signum
931 870 1161 926 rabidique
1184 870 1343 912 Leonis

282 949 327 987 et
347 960 428 987 sua
447 945 684 1001 respiciens
706 949 862 987 aurato
883 945 1045 987 uellere
1066 947 1204 1001 terga,

282 1022 379 1061 tum
401 1020 547 1062 Pisces
568 1024 605 1061 et
628 1019 796 1063 Cancer
817 1022 862 1061 et
881 1020 972 1061 acri
996 1019 1198 1075 Scorpios
1219 1019 1324 1067 ictu,

151 1146 216 1178 202
242 1147 293 1179 rei
320 1158 340 1178 a
367 1147 516 1179 Gemino
542 1148 627 1190 isag.
660 1149 675 1179 1
704 1148 800 1185 40-1,
828 1147 1013 1180 Cleomede
1041 1156 1055 1179 1
1082 1148 1101 1179 6
1125 1147 1177 1184 30,
1209 1146 1410 1178 Ptolemaeo
1437 1149 1530 1187 synt.
1562 1154 1608 1176 111
1635 1147 1656 1176 4

108 1199 290 1240 expositae
306 1210 410 1231 causa
425 1200 563 1241 poetice
578 1199 661 1231 ficta
679 1199 851 1231 redditur.
901 1199 952 1230 sol
973 1199 1140 1231 Geminos
1162 1201 1198 1229 et
1218 1198 1397 1239 utrimque
1419 1196 1536 1228 uicina
1558 1196 1655 1238 signa

108 1250 264 1282 Taurum
295 1254 331 1282 et
361 1250 536 1283 Cancrum
567 1254 752 1292 propterea
782 1251 919 1282 tardius
954 1250 1157 1292 permeabat
1195 1250 1278 1291 quia
1316 1250 1469 1289 ἀπόγειον
1507 1248 1581 1280 eius
1621 1248 1655 1279 in

108 1301 267 1334 Geminis
289 1302 397 1334 situm
421 1305 509 1334 erat.
559 1306 653 1334 recte
677 1302 713 1334 in
734 1303 939 1334 uniuersum
962 1301 1161 1333 Bullialdus
1183 1301 1220 1332 in
1241 1300 1349 1332 tertia
1370 1299 1527 1331 editione
1550 1299 1656 1331 Scali-

108 1363 262 1395 gerana3
285 1353 360 1395 ipse
384 1354 476 1385 enim
500 1353 654 1395 Scaliger
680 1355 815 1385 ‘moras
839 1354 1021 1394 longarum
1050 1352 1206 1384 dierum’
1229 1351 1420 1393 significari
1444 1350 1654 1384 crediderat.

109 1417 179 1449 quo
216 1408 253 1439 in
291 1417 305 1439 1
336 1409 466 1443 568-70
503 1412 666 1449 spectant
697 1419 831 1440 moram
869 1411 906 1439 et
937 1408 1042 1439 tarda
1072 1406 1206 1438 lumina
1315 1405 1483 1437 aestiuum
1513 1415 1654 1443 annum,

109 1462 282 1494 aestiuam
308 1465 446 1504 partem
473 1463 567 1501 anni,
602 1466 644 1494 ut
671 1462 758 1494 Hor.
791 1461 890 1503 epod.
921 1462 942 1493 ‘2
969 1463 1010 1493 29
1038 1472 1150 1492 amru-3
1177 1461 1335 1492 hibernus
1361 1470 1424 1502 pro
1456 1459 1570 1491 hieme

153 1514 299 1545 adtollat
322 1524 433 1555 usque
459 1514 504 1545 ad
526 1513 652 1546 summi
677 1514 830 1554 sastigyia
860 1513 988 1546 Cam-ri
1074 1512 1226 1543 203-222
1250 1512 1376 1544 diurna
1400 1514 1436 1543 et
1463 1513 1656 1548 nocturna:

109 1575 201 1607 quae
236 1576 315 1597 cum
345 1576 410 1597 nec
440 1567 613 1598 nocturna
643 1576 707 1597 nec
740 1565 868 1597 diurna
895 1566 977 1603 sint,
1013 1564 1049 1596 id
1087 1564 1181 1606 quod
1211 1566 1316 1605 poeta
1348 1574 1405 1594 uu.
1440 1563 1548 1595 205-8
1580 1572 1656 1594 con-

110 1615 244 1656 fitetur,
275 1627 346 1648 non
377 1617 504 1648 mirum
536 1620 590 1649 est
620 1617 846 1648 uanissimam
875 1616 1160 1658 dispertitionem
1186 1615 1265 1657 plus
1293 1625 1362 1646 uno
1393 1614 1496 1645 modo
1526 1613 1657 1645 factam

111 1678 186 1700 esse
287 1668 352 1699 203
389 1672 595 1707 praetereat
632 1668 917 1707 Bonincontrius‚
954 1671 1184 1706 praetereant
1221 1666 1304 1698 libri
1341 1666 1491 1708 procliui
1529 1676 1656 1703 errore,

104 1719 278 1761 poeniteat
300 1720 610 1761 Regiomontanus.
660 1724 816 1752 ceterum
839 1731 882 1751 ne
906 1723 942 1751 te
968 1722 1195 1761 praetereant
1222 1718 1370 1750 Iacobus
1398 1717 1660 1759 Bechertusque

111 1782 181 1813 qua
203 1771 372 1803 sermonis
396 1772 516 1803 Latini
538 1772 668 1814 peritia
691 1772 762 1803 sint
786 1771 1006 1813 perspicere;
1039 1771 1167 1812 quibus
1190 1780 1259 1801 non
1284 1769 1409 1801 dubito
1433 1769 1518 1811 quin
1545 1769 1659 1800 simile

111 1824 227 1855 uisum
250 1823 298 1855 sit
321 1823 423 1855 Ouid.
444 1834 551 1856 amor.
572 1833 586 1855 1
609 1825 628 1855 8
653 1825 694 1856 38
719 1828 885 1864 quantum
909 1822 1049 1864 quisque
1064 1822 1163 1863 serat
1188 1821 1421 1862 respiciendus
1446 1820 1519 1859 erit,
1544 1819 1657 1852 infini-

111 1875 227 1906 tiuum
239 1875 432 1916 perspicere
449 1875 623 1916 quomodo
640 1875 675 1906 in
692 1875 795 1907 istam
814 1875 1009 1906 orationem
1027 1874 1102 1916 cogi
1118 1877 1238 1914 posset
1253 1883 1323 1904 non
1339 1872 1551 1914 quaesierint

153 1925 217 1957 208
240 1937 304 1958 nec
327 1927 387 1968 qui
411 1927 514 1958 eiecit
538 1926 720 1958 Bentleius
743 1927 960 1958 intellexisse
982 1926 1126 1957 uidetur
1149 1935 1262 1966 neque
1285 1935 1416 1962 eorum,
1443 1925 1504 1965 qui
1528 1923 1656 1955 retinu-

110 1981 227 2017 erunt,
246 1979 428 2020 quisquam
452 1981 547 2010 recte
563 1979 819 2019 interpretatus
842 1982 906 2010 est.
955 1988 1044 2009 manc
1064 1977 1138 2015 illa,
1160 1980 1333 2008 nocturna
1354 1975 1522 2007 uidelicet
1541 1986 1574 2007 u.
1594 1975 1659 2007 203

110 2034 390 2066 commemorata,
404 2029 486 2069 dies,
502 2040 590 2061 nunc
607 2030 680 2069 itta,
695 2029 822 2061 diurna
838 2029 969 2061 ibidem
986 2028 1139 2060 secundo
1155 2028 1230 2060 loco
1246 2027 1372 2069 posita,
1392 2031 1501 2059 noctes
1516 2036 1658 2067 sequun-

112 2086 168 2112 tur
184 2081 467 2123 comitantur-que
554 2081 618 2112 209
643 2090 771 2120 parens
793 2080 872 2120 GL2,
896 2090 981 2119 pars
1002 2084 1060 2112 ΒΜ
1149 2083 1310 2111 sacratas
1333 2078 1498 2120 Scaliger,
1517 2081 1660 2110 sacrata

111 2136 167 2165 est
190 2132 273 2165 libri
361 2132 510 2164 211-217
539 2133 667 2164 diurna
690 2138 773 2164 sunt
796 2133 866 2164 tria
891 2133 1088 2164 uicinorum
1112 2131 1291 2173 signorum
1315 2130 1413 2172 paria
1437 2129 1528 2161 binis
1552 2130 1658 2161 inter-

111 2184 212 2216 iectis
233 2184 360 2223 diuisa,
379 2184 497 2216 Pisces
513 2185 628 2223 Aries,
647 2184 780 2217 Cancer
801 2184 882 2222 Leo,
902 2184 1066 2225 Scorpius
1090 2183 1324 2224 Sagittarius;
1353 2181 1413 2213 illa
1434 2184 1553 2212 autem
1576 2181 1658 2213 bina

111 2235 297 2267 interiecta
317 2240 490 2267 nocturna
511 2240 605 2274 sunt,
624 2236 761 2268 Taurus
778 2236 929 2274 Gemini,
948 2235 1060 2277 Virgo
1077 2234 1197 2272 Libra,
1216 2233 1450 2275 Capricornus
1467 2232 1654 2274 Aquarius.

111 2287 238 2319 diurna
254 2288 365 2329 igitur
381 2287 556 2319 habentur
572 2287 687 2326 Aries,
706 2288 767 2329 qui
784 2287 877 2318 diem
893 2291 996 2318 nocte
1017 2286 1218 2328 longiorem,
1239 2289 1275 2316 et
1291 2284 1434 2323 Cancer,
1455 2285 1515 2325 qui
1531 2284 1658 2325 longis-

111 2339 239 2370 simum
260 2338 391 2377 reddit,
410 2349 489 2370 cum
512 2340 584 2370 suis
608 2343 756 2380 uterque
778 2339 937 2380 trigonis,
958 2338 1074 2370 Leone
1091 2337 1295 2378 Sagittario,
1316 2336 1459 2377 Scorpio
1476 2335 1658 2369 Piscibus:

111 2393 285 2422 nocturna
310 2390 365 2421 his
389 2390 560 2432 opposita.
624 2391 714 2422 hanc
741 2390 1029 2422 distributionem
1056 2388 1150 2431 apud
1178 2388 1264 2419 alios
1291 2398 1360 2419 non
1387 2387 1507 2418 inueni

155 2441 218 2472 211
241 2443 357 2473 rabidi
373 2444 409 2480 G,
428 2444 547 2480 rapidi
562 2441 646 2480 L2M,
665 2444 800 2480 rapidis
815 2445 848 2473 L.
904 2442 989 2473 haec
1014 2441 1084 2472 duo
1109 2440 1295 2478 adiectiua,
1315 2442 1356 2470 ut
1378 2439 1423 2470 ad
1447 2447 1460 2469 1
1484 2438 1548 2470 396
1571 2437 1656 2475 dixi,

112 2492 278 2531 librariis,
296 2493 424 2534 quibus
440 2493 563 2535 opinor
579 2493 615 2524 in
632 2493 744 2524 bifero
767 2493 935 2525 Centauri
957 2503 1101 2534 corpore
1124 2502 1197 2523 sors
1219 2495 1274 2522 est
1295 2489 1460 2522 nascendi
1483 2499 1656 2527 concessa,

112 2544 201 2576 libet
223 2548 438 2576 commutare
460 2544 662 2586 rabiemque
685 2544 823 2576 auferre
850 2544 965 2576 leoni:
999 2543 1154 2575 ablatam
1182 2542 1281 2574 reddi
1306 2541 1433 2573 nolunt
1456 2541 1516 2582 qui
1544 2540 1659 2571 leones

114 2595 255 2637 rapidos
278 2595 405 2627 Latine
428 2595 498 2627 dici
524 2607 594 2627 non
619 2606 721 2637 posse
745 2606 808 2627 nec
833 2596 899 2637 ipsi
923 2595 1127 2627 didicerunt
1150 2605 1214 2625 nec
1238 2593 1461 2625 Lachmanno
1485 2591 1530 2623 ad
1554 2591 1655 2623 Lucr.

113 2656 155 2678 1v
170 2647 235 2681 712
257 2646 399 2678 docenti
419 2647 560 2679 credere
582 2648 737 2679 animum
761 2647 945 2679 inducunt.
994 2646 1056 2679 sed
1073 2645 1200 2678 Iacobo
1223 2650 1260 2677 et
1281 2644 1439 2676 Breitero
1456 2643 1536 2682 Leo,
1556 2654 1659 2684 quem

113 2698 170 2730 hic
195 2708 362 2740 equorum
386 2698 545 2740 epitheto
571 2703 714 2731 auctum
738 2698 860 2730 ferunt
883 2698 1114 2730 dissentiente
1138 2696 1392 2734 Gemblacensi,
1420 2699 1495 2726 tum
1519 2695 1659 2726 demum

112 2750 234 2782 rabere
249 2749 393 2781 uidet-ur
409 2760 488 2781 cum
504 2761 583 2781 eum
600 2761 718 2782 omnes
734 2753 808 2782 tres
824 2750 917 2788 libri,
937 2760 1006 2781 non
1023 2749 1093 2781 duo
1115 2752 1268 2787 tantum,
1287 2747 1450 2789 rapidum
1467 2746 1635 2778 exhibent
1652 2758 1659 2783 ;

112 2801 233 2843 itaque
249 2800 343 2842 apud
359 2800 438 2832 illos
453 2812 486 2833 u.
506 2803 568 2833 ‘211
587 2802 770 2842 rapidique
788 2801 923 2839 Leonis,
943 2812 976 2833 u.
997 2802 1061 2832 550
1085 2800 1266 2840 rabidique
1283 2798 1406 2830 Leonis
1422 2798 1569 2840 legimus

157 2851 221 2884 212
244 2852 436 2893 respiciens,
463 2862 477 2884 1
500 2853 576 2891 266,
602 2862 642 2885 IV
666 2854 730 2886 506
823 2853 886 2884 213
909 2856 988 2885 tum
1012 2852 1325 2894 Regiomontanus‚
1351 2859 1443 2882 nunc
1465 2849 1557 2887 libri,
1584 2854 1661 2881 tunc
