1931 3202
217 109 271 147 24
825 102 887 144 M.
919 101 1171 144 MANILII

389 214 622 270 ambiguus
644 218 770 269 tergo
792 212 1098 268 Capricornus,
1121 212 1344 267 Aquarius
1366 211 1506 259 undia

391 287 595 344 [parsque
616 287 788 328 marina
809 287 956 328 nitens
978 285 1207 327 fundentis
1228 300 1399 341 semper
1420 285 1607 340 Aquari]

392 361 543 403 umida
563 361 750 403 terrenis
771 360 944 415 aequali
968 359 1142 401 foedere
1163 359 1317 401 mixta.

448 450 535 477 non
557 435 659 477 licet
680 449 706 475 a
727 434 922 475 minimis
943 434 1140 474 animum
1162 433 1393 475 deflectere
1413 433 1543 483 curis,

264 519 328 552 235
387 524 466 552 nec
488 509 722 565 quicquam
745 508 929 549 rationis
951 511 1051 564 eget
1072 507 1295 549 frustraue
1317 511 1524 550 creatum.

217 648 289 680 n.h.
315 657 355 680 XI
376 649 418 680 86
505 648 567 679 231
592 649 780 686 ambiguus
801 646 879 686 GL2,
903 649 1091 686 ambugius
1112 650 1146 686 L,
1165 649 1342 686 ambiguis
1363 650 1397 678 M
1485 651 1586 685 tergo
1596 646 1628 684 4,
1644 649 1763 678 terrae

217 699 320 732 libri:
345 699 508 731 similiter
529 708 558 731 11
580 700 656 739 950,
679 699 795 731 Germ.
820 698 946 741 phaen.
970 699 1046 738 721,
1070 698 1203 731 Colum.
1229 708 1254 730 Χ
1276 699 1295 733 7
1315 704 1409 730 terra
1430 709 1493 740 pro
1514 703 1622 738 terya,
1640 700 1763 729 contra

216 756 311 792 terya
332 761 395 793 pro
414 755 506 782 terra
523 750 567 782 11.
586 750 664 782 Lat.
685 751 759 784 875.
808 749 977 782 librorum
999 751 1174 792 scriptura
1194 750 1259 782 hoc
1280 749 1467 792 significat,
1496 749 1760 791 ‘Capricornus

217 802 260 834 de
286 813 356 844 quo
382 805 488 839 terra,
516 802 706 844 Aquarius,
735 801 778 833 de
805 811 874 843 quo
901 801 1016 833 undae
1043 801 1252 843 ambigunt,'
1279 808 1461 843 praeterea
1487 801 1598 839 nihil;
1631 811 1700 842 qua
1727 801 1762 831 in

216 854 393 885 sententia
422 853 527 885 ualde
553 852 754 885 admirabili
781 852 845 885 hoc
872 863 941 884 non
969 853 1151 884 minimum
1182 852 1426 885 admirationis
1453 852 1570 890 habet,
1599 851 1693 894 quod
1719 851 1763 882 de

217 904 427 946 Capricorno
452 904 525 936 sola
547 908 654 942 terra,
672 904 765 936 solae
789 903 904 935 undae
927 903 971 935 de
994 904 1150 946 Aquario
1174 903 1350 946 ambigere
1373 903 1563 942 dicuntur;
1587 906 1628 934 ut
1651 903 1765 934 multo

217 956 332 988 minus
352 956 539 998 nugatoria
560 957 632 987 sint
653 966 741 997 quae
758 964 782 987 v
798 956 862 987 419
883 955 1180 987 circumferuntur
1200 955 1379 996 ambissint-9
1398 960 1510 987 terrae
1525 960 1652 996 partus
1669 955 1764 995 pela-

215 1017 320 1048 ,qoqne
336 1012 484 1046 creatur,
503 1007 562 1038 ubi
573 1007 692 1048 pelaqi
712 1006 935 1039 scribendum
957 1010 994 1038 et
1015 1006 1091 1038 dixi
1111 1006 1194 1038 olim
1215 1011 1252 1038 et
1273 1017 1316 1038 ex
1337 1007 1387 1038 eis
1402 1017 1491 1048 quae
1508 1016 1589 1038 mox
1605 1006 1766 1038 dicturus

216 1069 292 1091 sum
317 1058 511 1101 apparebit.
560 1069 630 1090 non
655 1058 815 1090 meliores
841 1058 950 1100 igitur
975 1058 1130 1100 genetiui
1157 1058 1270 1090 futuri
1295 1060 1406 1097 erant,
1433 1057 1612 1099 ambiquus
1638 1062 1763 1095 terrae,

217 1109 395 1150 ambiyuus
410 1110 586 1142 undarum
599 1122 607 1148 3
632 1109 681 1141 sic
693 1109 786 1141 enim
799 1109 1032 1151 Capricornus
1045 1109 1089 1141 de
1101 1113 1207 1148 terra,
1223 1109 1400 1151 Aquarius
1413 1109 1457 1140 de
1470 1109 1573 1141 undis
1589 1108 1765 1150 ambigere

216 1161 404 1200 diceretur,
422 1161 717 1203 quemadmodum
733 1164 787 1193 est
803 1160 898 1202 apud
914 1161 1077 1193 Tacitum
1085 1160 1206 1201 flaturi
1222 1161 1400 1201 ambifluus
1419 1161 1500 1193 hist.
1521 1169 1566 1192 111
1582 1161 1634 1192 43.
1683 1171 1764 1192 nam

216 1218 257 1244 ut
273 1223 336 1255 per
351 1212 529 1253 ambiyuus
545 1213 761 1244 adiectiuum
777 1211 995 1254 significetur
1011 1212 1048 1244 id
1063 1212 1156 1254 quod
1174 1211 1305 1244 Graece
1322 1212 1455 1244 dicitur
1468 1214 1654 1252 Αἰγόκερωσ
1664 1213 1765 1252 -γαίησ

215 1277 250 1295 τε
271 1265 323 1296 καὶ
345 1266 464 1296 ὕδατοσ
486 1265 645 1305 ἀμφίβιοσ
668 1265 726 1305 θήρ
747 1264 905 1296 Blaneth.
923 1273 963 1295 IV
982 1265 1036 1303 23,
1056 1265 1241 1304 Αἰγόκερωσ
1257 1289 1265 1296 .
1286 1288 1294 1296 .
1316 1289 1323 1296 .
1343 1265 1567 1304 ’γηθαλάσσιον
1584 1263 1760 1296 C.C.A.G.

216 1324 271 1347 vn
292 1326 324 1358 p.
345 1316 409 1348 208
433 1317 483 1354 14,
503 1315 637 1357 duplici
658 1326 744 1358 opus
765 1319 820 1347 est
840 1316 1017 1358 genetiuo,
1043 1315 1277 1356 Capricornus
1298 1320 1409 1347 terrae
1431 1315 1670 1356 vowlarmnque
1692 1325 1762 1346 am-

215 1367 345 1408 biquus,
364 1367 401 1399 id
422 1369 476 1399 est
496 1367 590 1399 inter
609 1369 740 1399 terram
762 1367 965 1409 undasque;
993 1367 1085 1399 sicut
1108 1376 1147 1398 iv
1167 1367 1231 1401 795
1253 1367 1451 1407 ambiquum
1471 1366 1566 1399 siclus
1589 1372 1763 1408 terraeque

214 1418 400 1460 mari-sque,
419 1418 498 1450 Tac.
519 1429 597 1450 ann.
618 1427 647 1450 11
663 1418 706 1450 24
725 1418 903 1459 ambiquas
925 1418 1100 1450 hominum
1121 1424 1150 1450 et
1172 1418 1350 1450 beluarum
1356 1418 1508 1459 formas,
1527 1419 1570 1450 40
1586 1417 1765 1458 ambiguous

211 1469 359 1511 pudoris
379 1480 419 1502 ac
439 1474 558 1509 metus,
576 1469 707 1502 Auson.
729 1470 818 1502 Mos.
838 1471 902 1502 ‘239
919 1469 1087 1510 ambiquis
1094 1469 1236 1511 fruitur
1251 1469 1636 1510 uerisalsiquefiquris,
1656 1470 1759 1501 Aetn.

215 1522 278 1554 599
301 1526 413 1553 terrae
436 1521 622 1562 dubiusque
645 1521 830 1562 marisque,
855 1521 946 1553 Stat.
972 1521 1080 1553 Theb.
1106 1530 1146 1552 lx
1167 1521 1231 1553 493
1252 1521 1429 1553 undarum
1451 1532 1492 1553 ac
1516 1525 1627 1552 terrae
1648 1520 1761 1556 (lubio,

216 1572 297 1604 Luc.
318 1581 359 1604 IX
379 1573 444 1604 304
464 1572 501 1604 in
522 1572 623 1604 dubio
639 1573 756 1613 pelagi
776 1577 964 1614 terraeque,
990 1582 1030 1604 IV
1053 1573 1114 1605 156
1136 1572 1296 1613 dubiique
1308 1573 1419 1613 swa&
1435 1582 1648 1613 puslnaeque.
1703 1571 1763 1604 sed

215 1634 320 1666 quam
347 1624 488 1656 restitui
516 1624 740 1663 sententiam,
770 1635 810 1656 ea
838 1635 921 1656 uero
949 1624 1033 1656 haec
1060 1626 1135 1656 est:
1171 1623 1404 1666 Capricornus
1435 1628 1535 1666 tergo
1567 1624 1603 1655 in
1633 1624 1762 1665 piscem

215 1676 409 1714 desinente,
428 1676 605 1717 Aquarius
626 1676 730 1707 undis
752 1686 840 1707 urna
861 1676 978 1707 effusis
1000 1676 1116 1707 factus
1137 1675 1333 1717 ambiguus,
1353 1679 1394 1707 ut
1410 1678 1530 1707 utrum
1547 1677 1702 1715 χερσαΐοσ
1718 1677 1766 1707 sit

215 1738 261 1758 an
287 1729 419 1768 ἕνυδροσ
445 1726 657 1759 dubitemus.
707 1728 758 1758 ita
783 1727 886 1769 plane
912 1727 1104 1759 Rhetorius
1129 1727 1204 1758 siue
1229 1727 1258 1758 is
1283 1727 1481 1758 Antiochus
1505 1729 1558 1758 est
1581 1726 1758 1759 C.C.A.G.

216 1787 229 1809 1
254 1788 288 1820 p.
313 1779 375 1810 165
398 1777 456 1809 fin.
486 1779 595 1818 ἔνυδρα
612 1803 620 1811 .
641 1802 648 1810 .
670 1803 677 1810 .
698 1780 881 1817 ἐκλήθησαν
899 1803 906 1810 .
928 1803 935 1810 .
957 1803 964 1810 .
985 1780 1050 1810 ἀπὸ
1073 1779 1189 1819 μέρουσ
1207 1803 1214 1810 .
1236 1803 1242 1810 .
1264 1802 1271 1809 .
1292 1779 1476 1818 Αἰγόκερωσ
1500 1780 1552 1809 καὶ
1575 1777 1763 1818 ’Τδροχόοσ·

219 1829 263 1868 lrj’
279 1831 336 1868 μὲν
354 1831 405 1861 διὰ
421 1831 456 1861 τὸ
476 1831 612 1871 οὐραῖον,
629 1835 673 1863 ,aez‘
689 1832 722 1862 δὲ
740 1832 791 1862 διὰ
812 1832 848 1861 τὸ
871 1830 924 1861 ὑπ’
946 1832 1044 1861 αὐτοῦ
1064 1831 1232 1869 ἐκχεΐσθαι
1253 1831 1308 1861 τὸν
1327 1829 1497 1870 Ἠριδανὸν
1519 1831 1675 1867 ποταμόν,
1696 1829 1765 1861 Leo

217 1881 470 1922 (philosophus,
495 1892 577 1919 non,
603 1885 645 1913 ut
669 1881 803 1922 Heegio
826 1882 942 1913 uisum
966 1884 1031 1920 est,
1058 1881 1267 1920 Nemeaeus)
1293 1880 1471 1914 C.C.A.G.
1498 1890 1522 1912 V
1542 1881 1582 1912 iii
1602 1891 1636 1922 p.
1659 1882 1701 1913 96
1722 1882 1763 1913 32

217 1934 365 1973 πάρυγρα
382 1957 389 1964 .
411 1956 419 1964 .
440 1957 447 1964 .
472 1938 516 1965 2:2⁴
531 1935 581 1964 διὰ
598 1934 653 1964 τὸν
667 1932 851 1974 Ἠριδανὸν,
871 1933 915 1972 175
932 1934 981 1964 διὰ
998 1934 1035 1964 τὸ
1051 1934 1185 1974 οὐραῖον.
1277 1932 1342 1962 232
1364 1935 1483 1964 nitens
1499 1935 1559 1971 GL,
1577 1935 1700 1964 tutens
1717 1935 1759 1963 M.

215 1983 306 2015 hunc
337 1995 477 2016 uersum
508 1995 587 2016 cum
619 1984 774 2026 Scaliger
803 1985 897 2016 mari
926 1984 1036 2016 nitens
1063 1987 1099 2015 et
1126 1984 1162 2015 in
1190 1983 1430 2025 superioribus
1457 1988 1486 2015 ec
1513 1983 1672 2024 aequoris
1698 1994 1762 2026 pro

216 2035 397 2077 Aquarius
408 2036 571 2067 nouando
585 2036 739 2078 reliquae
752 2036 904 2068 orationi
920 2036 1181 2068 accommodare
1198 2035 1394 2066 studuisset
1409 2045 1473 2066 nec
1490 2038 1608 2066 tamen
1625 2040 1761 2066 seuten-

219 2088 305 2119 tiam
325 2086 500 2119 effecisset
521 2091 583 2119 aut
607 2091 727 2129 aptam
751 2090 813 2120 aut
836 2087 1069 2125 tolerabilem,
1088 2087 1270 2119 Bentleius
1291 2086 1444 2118 alienum
1467 2097 1541 2118 esse
1563 2088 1766 2128 perspexit:

218 2138 353 2170 scilicet
369 2149 447 2170 cum
463 2149 525 2170 suo
542 2139 617 2171 loco
633 2139 781 2171 omissus
798 2142 834 2171 et
850 2139 979 2171 alicubi
995 2139 1031 2170 in
1048 2139 1204 2179 margine
1221 2138 1420 2180 adscriptus
1436 2142 1539 2177 esset,
1559 2138 1602 2169 ob
1619 2139 1765 2180 Aquarii

219 2200 344 2221 nomen
368 2190 436 2222 huc
461 2190 647 2222 traductus
672 2194 735 2222 est.
785 2201 887 2232 quem
913 2191 942 2222 si
967 2201 1007 2222 eo
1032 2190 1222 2221 transferre
1246 2189 1408 2221 uolumus
1434 2189 1494 2221 ubi
1519 2189 1615 2221 illius
1642 2190 1766 2222 sideris

221 2241 431 2273 mentionem
444 2241 563 2273 deesse
575 2246 756 2284 appareat,
770 2245 852 2274 ante
866 2251 905 2273 1v
917 2242 982 2274 490
994 2241 1217 2273 collocandus
1230 2241 1309 2279 erit,
1325 2241 1361 2272 id
1375 2241 1468 2282 quod
1484 2241 1570 2272 fecit
1586 2240 1769 2273 Bentleius

225 2292 339 2324 uerbis
352 2303 504 2334 parsque
521 2293 662 2325 marina
678 2294 787 2325 nitens
803 2297 839 2324 et
856 2293 951 2325 illius
963 2303 1086 2325 uersus
1104 2297 1149 2324 esc
1165 2293 1201 2323 in
1214 2303 1301 2333 pars
1322 2297 1368 2324 esc
1380 2291 1501 2333 prima
1517 2302 1635 2324 nocens
1653 2317 1660 2324 .
1681 2317 1688 2324 .
1710 2317 1717 2324 .
1738 2298 1766 2324 cc

222 2345 391 2382 mutatis3
429 2355 492 2376 nec
519 2345 631 2376 multo
662 2345 795 2377 minore
825 2345 966 2387 negotio
998 2355 1069 2376 rem
1100 2344 1249 2385 transigi
1279 2354 1380 2385 posse
1410 2347 1507 2385 puto.
1567 2344 1621 2375 sin
1652 2343 1765 2376 locum

223 2396 422 2437 quaerimus
453 2395 509 2427 cui
540 2396 683 2427 minima
714 2397 909 2428 mutatione
940 2396 1056 2438 aptari
1086 2399 1194 2437 queat
1224 2398 1261 2426 et
1291 2395 1383 2426 unde
1414 2395 1580 2426 facillime
1608 2396 1765 2436 potuerit

224 2446 396 2486 excidere,
419 2448 448 2478 is
469 2450 550 2488 post
571 2457 595 2478 v
616 2449 678 2482 537
699 2448 910 2486 inuenietur,
934 2448 1022 2479 talia
1043 2447 1204 2487 Cassiope
1231 2451 1463 2478 nascentum
1488 2452 1626 2487 pectora
1638 2446 1765 2489 fimet!

223 2508 372 2539 parsque
405 2498 516 2530 mari
550 2509 714 2531 nascens
740 2499 923 2540 fundenti-s·
949 2509 1080 2539 semper
1106 2497 1246 2539 Aquari
1338 2497 1401 2528 233
1428 2501 1571 2536 aequali
1598 2497 1762 2540 Scaliger,

225 2552 333 2587 atque
360 2552 415 2581 illi
441 2549 534 2588 libri,
561 2554 602 2581 ut
629 2551 692 2583 826
781 2553 919 2582 foedere
942 2550 980 2582 F.
1008 2550 1142 2588 Iunius,
1169 2552 1295 2587 degere
1322 2552 1382 2587 GL,
1409 2552 1451 2580 de
1474 2558 1602 2587 genere
1630 2552 1673 2588 M,
1700 2550 1768 2589 leffe

226 2601 365 2632 remista
387 2600 542 2642 Scaliger
563 2601 615 2633 ed.
644 2603 659 2633 1
677 2614 684 2633 :
709 2612 789 2633 mox
811 2601 906 2633 Iunii
927 2601 1208 2633 emendationem
1231 2600 1331 2631 uidet
1352 2600 1533 2642 uisamque
1555 2601 1654 2642 cupit
1676 2602 1766 2642 poti-

228 2656 354 2693 turque
376 2653 505 2694 cupita.
556 2662 585 2684 11
606 2653 649 2685 62
670 2653 809 2694 aequali
829 2653 1062 2685 moderantem
1073 2652 1214 2692 foedere
1235 2652 1356 2683 molem
1443 2651 1593 2683 234-243
1617 2651 1765 2684 fecunda

227 2706 262 2734 et
283 2703 417 2735 sterilia
437 2707 473 2735 et
494 2704 587 2735 inter
608 2707 797 2746 utrumque
813 2705 936 2746 posita.
987 2704 1134 2735 Manilio
1153 2704 1285 2735 Cancer
1306 2702 1470 2744 Scorpius
1486 2703 1603 2735 Pisces
1619 2703 1768 2735 fecunda

229 2758 323 2793 sunt,
347 2754 416 2786 Leo
437 2755 547 2796 Virgo
571 2756 748 2797 Aquarius
771 2756 917 2794 sterilia,
941 2755 1054 2786 media
1077 2755 1180 2786 Aries
1203 2754 1339 2786 Taurus
1362 2754 1501 2786 Gemini
1525 2754 1630 2786 Libra
1654 2755 1765 2796 Sagit-

229 2806 340 2837 tarius
356 2805 586 2847 Capricornus
601 2819 607 2838 :
632 2807 694 2838 alii
709 2807 794 2848 quid
811 2807 854 2838 de
870 2818 910 2839 ca
926 2817 962 2838 re
978 2806 1219 2848 praeceperint
1235 2806 1271 2837 in
1287 2805 1504 2847 praefatione
1521 2807 1665 2848 exposui

272 2856 335 2887 235
359 2862 404 2889 esc
421 2858 457 2889 in
473 2857 540 2889 fine
557 2868 678 2890 uersus
694 2858 833 2890 addidit
848 2858 1039 2897 Bentleius,
1059 2857 1153 2899 quod
1175 2857 1249 2889 siue
1271 2867 1374 2889 causa
1390 2857 1522 2889 factum
1539 2868 1613 2889 esse
1629 2858 1767 2889 ostendi
