1931 3202
227 101 282 140 42
828 98 888 139 M.
922 96 1173 139 MANILII

398 209 592 250 mascula
612 223 656 250 se
679 208 859 264 paribus
880 208 949 249 uel
972 208 1044 257 sic,
1067 207 1243 249 diuersa
1264 222 1442 249 suorum

396 282 662 339 respondent
682 282 841 338 generi.
906 282 1048 324 Pisces
1069 285 1114 323 et
1138 281 1334 337 Virginis
1355 285 1479 322 artus

273 367 337 398 415
395 356 568 398 aduersi
592 356 795 405 uolitant,
816 355 892 397 sed
914 358 1067 396 amant
1088 355 1338 397 communia
1359 355 1468 404 iura,

398 436 442 472 ct
463 431 602 472 uincit
622 433 785 471 natura
803 429 946 470 locum
964 446 972 479 ;
1003 428 1078 470 sed
1101 429 1296 470 uincitur
1316 429 1412 484 ipsa

397 503 679 559 temporibus
702 503 956 558 Cancerque
975 503 1069 552 tibi,
1093 502 1371 558 Capricorne‚
1388 505 1609 558 repugnat

398 577 564 619 femina
586 577 787 627 femineo,
808 577 913 632 quia
933 577 1115 618 brumae
1137 576 1321 618 dissidet
1343 579 1498 618 aestas.

397 652 498 693 hinc
519 652 639 707 rigor
659 654 704 692 et
724 651 885 706 glacies
906 651 1171 706 niuibusque
1193 651 1389 692 albentia
1410 665 1524 700 rura,

274 736 338 768 420
397 727 499 767 hinc
520 726 616 767 sitis
638 728 682 766 et
703 725 836 767 sudor
857 724 1088 781 nudusque
1109 725 1155 766 in
1177 725 1361 767 collibus
1383 725 1512 775 orbis,

397 800 675 855 aestiuosque
697 799 789 841 dies
810 802 973 854 aequat
995 814 1083 841 nox
1106 798 1272 855 frigida
1293 799 1485 841 brumae.

225 955 391 987 uidentur
417 965 481 996 pro
507 953 605 986 certis
632 953 835 994 quibusdam
863 953 980 994 siquis,
1007 964 1070 985 nee
1095 958 1191 985 recto
1219 953 1383 985 uocabuli
1411 964 1476 985 usu
1504 964 1567 985 nec
1594 953 1772 985 sententia

226 1005 418 1045 commoda,
444 1016 522 1037 cum
547 1005 615 1036 duo
639 1008 779 1036 tantum
805 1006 904 1046 signa
925 1008 1241 1037 commemorentur
1262 1005 1389 1046 quibus
1414 1008 1539 1036 mutua.
1560 1015 1629 1036 non
1650 1008 1771 1047 surgat

224 1057 419 1096 concordia,
446 1057 578 1089 Cancer
601 1060 638 1088 et
662 1056 895 1098 Capricornus
982 1057 1046 1087 413
1071 1060 1230 1089 mascula
1257 1060 1291 1088 Μ
1314 1062 1350 1088 et
1377 1057 1443 1088 sub
1471 1067 1537 1088 ras.
1567 1060 1602 1095 L,
1627 1065 1772 1088 mascua

223 1114 246 1142 L
269 1121 309 1141 ex
335 1120 438 1148 corr.‚
464 1112 599 1140 mlscua
622 1107 685 1139 (ΗΡ
774 1117 810 1140 se
837 1134 843 1140 .
868 1133 874 1139 .
897 1133 903 1139 .
932 1109 1014 1140 sic*
1041 1108 1270 1140 distinctione
1298 1112 1448 1146 mutata,
1475 1111 1506 1140 si
1530 1133 1537 1140 .
1559 1133 1566 1140 .
1588 1134 1594 1140 .
1623 1111 1654 1140 si
1677 1108 1768 1147 libri,

224 1162 313 1202 quod
337 1185 344 1192 .
366 1186 372 1192 .
395 1186 402 1192 .
430 1161 520 1201 quod
551 1160 754 1191 Bentleius:
791 1160 898 1201 ‘quid
931 1159 988 1191 hic
1020 1160 1147 1191 uolunt
1172 1160 1212 1198 si,
1243 1160 1296 1192 si?
1326 1164 1422 1191 certe
1452 1160 1487 1191 in
1519 1160 1706 1191 contrariis
1735 1164 1772 1191 et

224 1225 264 1244 ex
290 1213 462 1244 diametro
486 1211 657 1253 oppositis
684 1222 875 1252 numquam
903 1222 972 1242 non
1001 1212 1216 1253 respondent
1244 1212 1398 1243 mascula
1425 1211 1592 1249 maribus»,
1622 1211 1772 1243 feminea

223 1264 388 1296 feminis.'
434 1263 463 1295 si
486 1274 550 1305 pro
573 1274 604 1294 se
629 1263 800 1304 scriptum
824 1266 878 1294 est
902 1274 934 1294 u.
963 1264 1039 1301 486,
1066 1274 1129 1304 pro
1154 1263 1200 1294 sic
1225 1274 1257 1295 u.
1286 1263 1328 1295 93
1416 1266 1472 1295 est
1498 1263 1534 1294 in
1558 1262 1626 1294 fine
1649 1273 1771 1294 uersus

224 1316 357 1348 deleuit
389 1315 553 1355 Scaliger,
588 1314 681 1356 quod
713 1325 816 1355 saepe
847 1314 983 1346 librarii
1014 1314 1242 1353 addiderunt,
1274 1315 1371 1346 uelut
1400 1324 1413 1346 1
1447 1315 1520 1352 170,
1548 1323 1572 1346 v
1605 1315 1677 1353 197,
1707 1315 1772 1347 430

305 1378 378 1408 par
404 1377 483 1398 cum
510 1366 667 1397 ablatiuo
695 1366 802 1397 semel
830 1365 1034 1404 Sallustius,
1065 1366 1214 1398 Ouidius
1241 1367 1295 1398 bis
1323 1366 1514 1398 coniunxit.
1564 1366 1617 1397 uel
1643 1366 1690 1398 sic
1717 1370 1771 1398 est

224 1429 432 1460 quamquam
455 1417 612 1450 aduersis
626 1417 763 1458 fulslent
787 1417 963 1449 contraria
988 1418 1104 1458 siqui-s.
1155 1418 1311 1449 mascula
1334 1418 1509 1456 masculis,
1533 1417 1673 1449 diuersa
1696 1418 1771 1450 siue

224 1471 374 1502 feminea
400 1470 519 1511 generi
547 1480 699 1507 suorum,
735 1469 799 1500 hoc
831 1472 885 1500 est
915 1469 1157 1508 femineorum,
1194 1469 1416 1511 respondent,
1452 1471 1769 1510 συσχηματίζονταιε

224 1522 304 1554 111(16
333 1531 362 1553 11
388 1523 445 1553 151
476 1531 526 1562 sq.
554 1521 708 1552 mascula
734 1531 791 1552 sea:
819 1526 907 1559 sunt,
933 1520 1086 1563 {diuersi
1111 1521 1248 1553 totidem
1274 1521 1416 1561 (seueris,
1443 1522 1503 1553 381
1532 1521 1687 1553 mascula
1713 1521 1770 1553 sed

223 1573 374 1606 maribus
413 1573 613 1613 respondem
723 1571 788 1602 414
821 1575 923 1603 artus
935 1573 968 1610 54,
1009 1576 1111 1604 astra
1148 1572 1240 1610 libri,
1287 1577 1418 1604 astrum
1457 1573 1765 1613 Regiomontanus.

234 1624 382 1664 l'irglinz‘s
412 1629 544 1656 astrum
575 1623 742 1665 singulari
774 1634 918 1655 numero
950 1624 1119 1655 Manilius
1150 1625 1268 1665 posuit
1301 1633 1329 1655 11
1360 1625 1436 1663 281,
1466 1626 1539 1661 548,
1568 1625 1643 1663 568,
1677 1625 1770 1656 sicut

229 1676 339 1708 Tauri
363 1685 391 1708 11
415 1677 490 1714 281,
517 1676 591 1714 625,
620 1675 826 1715 Capricorni
850 1685 879 1707 11
906 1676 982 1713 498,
1010 1685 1049 1707 1V
1077 1677 1152 1713 323,
1181 1676 1347 1715 Lanisserz‘
1370 1685 1415 1707 111
1441 1677 1517 1714 290,
1549 1675 1770 1708 Geminorum

224 1738 269 1760 111
286 1729 360 1765 569,
379 1733 477 1759 astra
493 1728 570 1769 pari
592 1727 797 1758 condicione
819 1738 1001 1768 nusquam.
1051 1727 1112 1758 sed
1135 1727 1199 1759 hac
1221 1727 1360 1759 sublata
1380 1727 1568 1759 offensione
1590 1737 1770 1768 superesse

223 1781 259 1812 in
287 1779 479 1811 masculino
505 1779 645 1810 aduersi
671 1778 839 1809 adiectiui
867 1789 993 1820 genere
1021 1779 1261 1810 soloecismum
1290 1779 1543 1810 animaduertit
1573 1778 1765 1817 Bentleius,

223 1832 285 1874 qui
311 1831 452 1872 scripsit
479 1830 612 1872 duplici
639 1831 837 1861 mutatione
868 1830 980 1862 Pisces
1007 1830 1063 1862 sic
1091 1832 1263 1872 (praestat
1290 1831 1438 1862 fortasse
1464 1830 1522 1862 uel
1549 1835 1596 1869 ut,
1623 1830 1688 1862 hoc
1716 1834 1770 1862 est

224 1883 335 1921 uelut,
360 1882 511 1923 exempli
533 1882 659 1924 gratia,
683 1881 741 1912 1161
763 1881 856 1923 quod
878 1891 917 1913 IV
939 1883 1002 1914 869
1024 1886 1121 1913 certa
1142 1882 1386 1913 emendatione
1408 1883 1614 1913 restitutum
1638 1885 1692 1913 est
1715 1883 1768 1921 en)

231 1935 380 1975 Viryim's
395 1939 506 1965 astro
528 1932 531 1974 l
551 1933 692 1965 aduersi
709 1933 864 1965 uolitant.
923 1934 1072 1974 Vir-‘sinis-
1088 1940 1185 1965 artus
1202 1944 1263 1975 pro
1279 1933 1442 1975 Virgine,
1455 1938 1496 1965 ut
1509 1934 1582 1975 ipse
1599 1933 1769 1965 Manilius

224 1986 444 2027 Lycaoniae.
467 1985 673 2017 ..membra
705 1985 841 2025 puellae
877 1996 938 2026 pro
974 1985 1178 2023 Callistone,
1212 1985 1370 2016 Auienus
1404 1985 1523 2027 posuit
1554 1986 1654 2016 Arat.
1689 1985 1765 2024 276,

232 2038 404 2077 Vir-(lineos
420 2041 516 2068 artus
535 2037 629 2074 1127,
649 2036 741 2068 1(16111
762 2037 842 2070 1217
866 2042 963 2068 artus
978 2036 1240 2076 Anffltitenemz's
1262 2047 1325 2078 pro
1343 2037 1548 2078 Ophiucho;
1572 2036 1768 2068 hexametri

225 2089 381 2121 clausula
406 2088 552 2127 uio-(sinis
577 2093 675 2119 artus·
699 2088 805 2119 semel
832 2088 925 2130 apud
953 2087 1144 2127 Catullum,
1163 2088 1217 2120 bis
1244 2089 1280 2119 in
1306 2088 1395 2120 Ciris
1419 2089 1572 2119 carmine
1596 2088 1768 2126 habetur;

225 2141 339 2172 molles
362 2140 545 2181 Sagittarii
569 2144 666 2171 artus
691 2140 860 2171 Manilius
883 2141 1168 2171 commemorauit
1192 2149 1221 2171 11
1245 2141 1317 2178 189,
1342 2140 1449 2171 nudo—s
1470 2140 1617 2181 Aquarii
1641 2148 1682 2170 IV
1705 2140 1767 2174 797

311 2191 375 2222 416
398 2197 537 2229 namra,
558 2201 661 2222 sexus
677 2191 892 2228 communis3
916 2192 1034 2230 locum,
1055 2191 1161 2223 situm
1178 2192 1392 2223 contrarium
1479 2191 1544 2222 420
1562 2191 1598 2222 in
1617 2191 1765 2230 collibus,

227 2243 318 2286 (lund
349 2243 393 2274 ad
432 2243 644 2274 locutionem
675 2243 817 2280 attinet,
852 2243 969 2284 aliquo
1001 2243 1103 2274 modo
1141 2243 1283 2274 defendi
1319 2253 1421 2284 posse
1458 2243 1602 2274 uidetur
1640 2242 1768 2275 collato

226 2295 359 2326 Lucani
383 2295 581 2335 fragmento
602 2294 644 2325 (le
667 2293 899 2325 Phaethontis
922 2294 1082 2325 incendio
1099 2295 1192 2336 quod
1214 2295 1371 2326 seruauit
1387 2294 1590 2326 scholiastes
1611 2294 1655 2325 ad
1673 2294 1763 2326 Stat.

227 2346 334 2378 Theb.
355 2355 394 2377 V1
411 2347 485 2384 322,
506 2345 582 2377 totis
605 2345 641 2377 z'n
665 2346 831 2377 montibus
854 2346 980 2377 ardeus
1000 2347 1004 2386 Ι
1025 2351 1140 2384 ίεννας
1164 2346 1341 2377 sententia
1364 2351 1481 2377 autem
1505 2356 1647 2387 prorsus
1671 2350 1766 2377 recta

227 2401 290 2436 est,
311 2409 389 2429 cum
411 2398 516 2429 colles
540 2398 621 2428 sicci
645 2408 719 2428 esse
741 2397 875 2428 soleant
897 2401 933 2429 et
957 2398 1172 2438 graminibus
1195 2397 1434 2429 arescentibus
1456 2398 1565 2439 magis
1587 2397 1767 2429 nudentur

226 2460 331 2491 quam
347 2449 457 2480 ualles
482 2449 665 2490 campique
682 2449 814 2490 irrigui.
866 2449 1003 2480 Bentlei
1026 2450 1176 2480 mutatio
1192 2449 1229 2480 in
1244 2449 1377 2487 solibus,
1397 2460 1475 2480 cum
1497 2459 1609 2490 neque
1625 2449 1765 2480 omnino

226 2502 419 2532 necessaria
451 2501 497 2532 sit
524 2511 636 2542 neque
667 2511 728 2541 per
752 2511 787 2531 se
815 2507 878 2531 aut
908 2500 999 2532 bona
1027 2504 1088 2532 aut
1118 2500 1321 2542 probabilis,
1351 2500 1523 2532 Becherto
1547 2503 1582 2531 et
1607 2500 1766 2532 Breitero

227 2552 379 2591 adridet,
398 2552 457 2593 qui
481 2562 550 2583 non
567 2562 685 2582 omues
702 2552 841 2583 Bentlei
858 2552 1076 2583 coniecturas
1096 2556 1278 2593 spernunt,
1298 2551 1358 2583 sed
1381 2562 1482 2583 ueras
1498 2554 1534 2583 et
1555 2552 1762 2593 ingeniosas.

227 2604 339 2635 multo
377 2603 500 2635 melius
538 2603 762 2641 scriberetur,
800 2603 894 2644 quod
933 2604 1003 2635 illis
1040 2604 1176 2635 niuibus
1214 2603 1361 2635 albentia
1398 2614 1485 2635 rura
1523 2602 1762 2644 responderet,

227 2655 403 2695 nudusque
429 2655 628 2686 coloribus
654 2654 763 2686 orbis:
789 2655 840 2686 ita
856 2654 930 2686 Tib.
948 2664 961 2686 1
977 2656 997 2686 4
1013 2656 1055 2687 29
1071 2666 1174 2696 quam
1196 2655 1260 2686 cito
1276 2665 1471 2695 purpureos
1491 2654 1647 2695 deperdit
1672 2659 1764 2686 terra

228 2707 351 2737 colores·
374 2717 454 2738 uere
479 2706 513 2737 in
537 2709 707 2737 aestatem
730 2709 948 2743 transeunte,
968 2706 1084 2738 Germ.
1099 2707 1223 2748 phaen.
1241 2707 1302 2737 152
1319 2705 1513 2738 tristissima
1535 2706 1632 2738 tellus
1647 2716 1764 2737 mense

228 2757 329 2796 Iulio,
357 2757 435 2789 Seu.
463 2757 592 2788 Phaed.
625 2757 730 2790 764-7
758 2768 824 2788 non
851 2757 897 2788 sic
916 2763 1026 2798 prata
1052 2768 1138 2789 nouo
1165 2768 1242 2789 uere
1269 2757 1421 2789 decentia
1441 2757 1444 2798 Ι
1466 2757 1604 2788 aestatis
1630 2757 1764 2789 calidae

227 2809 392 2848 ‹les-poliat
409 2819 531 2849 uapor,
548 2807 551 2849 Ι
566 2809 673 2839 saeuit
689 2808 828 2840 solstitio
845 2819 920 2840 cum
935 2809 1066 2840 medius
1082 2809 1153 2840 dies
1173 2809 1176 2850 Ι
1198 2814 1226 2840 et
1243 2814 1350 2841 noctes
1366 2808 1520 2840 breuibus
1532 2808 1764 2849 praecipitant

227 2860 311 2891 rotis
397 2859 459 2890 421
495 2862 674 2891 aestiuos.
697 2885 703 2890 .
726 2884 732 2890 .
753 2864 884 2897 aequat
922 2861 995 2892 cod.
1025 2860 1131 2899 Flor.,
1157 2863 1294 2892 aestiuo
1311 2884 1318 2892 .
1340 2885 1347 2892 .
1370 2885 1376 2891 .
1396 2864 1552 2898 aequant
1578 2863 1662 2891 ΘΒΜ
