1931 3202
232 131 288 170 44
837 131 897 173 M.
931 131 1181 174 MANILII

405 255 491 296 quo
513 241 658 283 minus
680 241 843 283 infesto
864 241 1090 283 decertent
1111 241 1255 284 sidera
1277 242 1400 284 bello.

403 314 506 356 talis
527 315 611 356 erit
633 315 746 356 ratio
767 315 954 357 diuersis
975 315 1129 357 addita
1150 315 1299 372 signis,

461 389 529 430 his
549 388 868 430 animaduersis
889 389 1018 431 rebus
1040 404 1151 445 quae
1173 390 1375 445 proxima
1395 404 1501 432 cura
1519 393 1532 430 ‚2

403 477 577 504 noscere
597 463 760 504 tutelas
782 462 1036 519 adiectaque
1059 464 1243 505 numina
1264 464 1401 520 signis

278 546 342 577 435
402 539 446 578 et
467 551 578 592 quae
600 536 756 592 cuique
778 536 859 578 deo
881 551 1026 578 rerum
1049 541 1211 579 natura
1232 537 1410 585 dicauit,

226 680 380 722 Scaliger
411 680 579 720 utrimque
609 680 782 717 coniecit3
823 680 934 712 multo
965 681 1063 722 peius
1094 680 1254 719 Iacobus,
1287 692 1405 713 errore
1437 682 1505 713 iam
1536 684 1618 713 ante
1651 687 1777 714 notato

227 731 371 773 efficiunt
393 735 429 763 et
451 731 629 763 seruantia
653 731 696 763 ad
715 733 874 764 Arietem
894 731 1105 774 Libramque
1130 733 1294 772 reserens,
1313 738 1493 774 utrumque
1517 733 1595 765 uult
1619 744 1692 765 esse
1719 736 1727 750 ‘
1741 740 1776 766 et

226 787 362 815 aestum
393 786 428 814 et
456 782 630 818 hiemem?
655 783 830 824 quomodo
857 787 921 815 aut
948 787 1066 815 aestus
1090 795 1172 815 uere
1200 788 1260 815 :tut
1287 784 1422 826 hiemps
1445 789 1616 816 autumno
1642 785 1779 816 ›rm-uari

228 835 338 876 possit
354 845 422 866 non
447 834 613 876 explicat.
663 835 768 866 immo
785 845 848 866 uer
869 840 905 867 et
927 841 1130 873 autumnus,
1150 835 1274 867 mediis
1291 836 1385 867 inter
1407 836 1555 868 hiemem
1572 840 1777 879 aestumque

225 886 388 917 articulis
420 889 463 924 (11
495 886 571 924 657,
603 895 642 917 lv
673 887 750 925 325)
779 887 854 918 siue
885 886 988 918 nodis
1015 887 1098 918 anni
1130 887 1258 929 posita,
1289 898 1395 919 unum
1427 887 1529 919 ambo
1560 887 1778 930 eundemque

226 942 381 979 teporem
408 941 576 969 seruant:
612 937 693 969 uide
720 946 764 969 111
790 939 854 970 664
879 949 929 980 sq.
958 943 1069 979 tepore
1089 937 1093 980 Ι
1115 940 1282 976 autumni,
1309 938 1445 971 Colum.
1466 948 1494 970 11
1522 939 1562 971 10
1583 939 1604 970 2
1631 944 1777 981 leporem

225 988 395 1027 (intremui,
415 988 511 1020 anth.
531 988 608 1020 Lat.
630 989 720 1021 mes.
737 990 801 1021 568
827 990 847 1021 3
870 994 1034 1021 aufumno
1058 990 1119 1021 dat
1144 989 1274 1031 hiemps
1300 992 1445 1022 mixtum
1472 990 1589 1022 uicina
1616 995 1772 1032 teporem,

225 1040 340 1072 Germ.
363 1040 450 1082 frag.
472 1049 511 1072 1v
531 1041 572 1072 98
594 1051 644 1082 sq.
667 1040 790 1073 Chelae
811 1041 893 1072 dum
909 1040 1046 1082 friyore
1066 1041 1183 1082 primo
1203 1040 1207 1083 Ι
1229 1046 1414 1073 extremum
1438 1042 1598 1073 autumni
1619 1048 1776 1083 mcpermc

224 1092 392 1132 ‚alaciante
424 1096 573 1133 teporem
607 1092 671 1131 (ita
695 1093 819 1134 scripsi
851 1092 886 1124 in
918 1092 1085 1124 Classical
1117 1092 1260 1124 Review
1290 1094 1373 1125 1900
1399 1104 1432 1135 p.
1460 1094 1501 1127 37
1529 1104 1592 1135 pro
1619 1096 1773 1132 terrore),

224 1143 353 1176 Catull.
373 1144 416 1175 46
452 1145 465 1174 l
502 1143 573 1175 iam
605 1154 665 1175 uer
697 1143 840 1184 esselidos
870 1143 975 1184 refert
1007 1149 1146 1185 tepore&
1179 1143 1281 1176 Ouid.
1303 1144 1383 1176 fast.
1405 1153 1417 1176 1
1449 1145 1513 1177 664
1540 1144 1654 1186 tepido
1684 1155 1774 1183 uere,

224 1204 248 1226 v
273 1195 337 1228 602
365 1194 473 1235 tepidi
500 1199 654 1235 tempora
681 1196 782 1233 ueris,
803 1199 869 1227 art.
892 1204 935 1226 111
967 1196 1027 1227 185
1054 1206 1132 1227 uere
1160 1196 1293 1235 lepemi.
1342 1196 1434 1227 adde
1458 1196 1560 1228 Lucr.
1581 1205 1610 1228 11
1633 1197 1697 1231 517
1720 1207 1769 1239 sq.

223 1247 330 1279 ambit
357 1246 446 1278 enim
473 1246 568 1278 calor
594 1257 636 1278 ac
658 1246 791 1287 frique,
821 1247 990 1288 mediique
1022 1247 1174 1288 tepore-s}
1197 1247 1445 1288 interutrasque
1473 1247 1581 1279 iacent
1608 1249 1776 1289 explentes

222 1298 341 1331 ordine
364 1308 534 1330 summam
623 1297 686 1328 431
710 1301 841 1330 infesto
865 1301 1048 1330 decertent
1071 1302 1096 1330 G
1120 1302 1155 1330 et
1180 1309 1269 1330 man.
1291 1309 1357 1330 rec.
1379 1300 1413 1330 in
1435 1302 1469 1337 L,
1487 1302 1635 1331 infestos
1658 1302 1773 1331 decer-

222 1354 309 1382 nent
331 1352 399 1381 ΒΜ,
449 1360 514 1390 quo
539 1349 651 1381 minu-3
674 1350 839 1381 decertent
864 1349 991 1388 sidaa,
1014 1353 1054 1381 ut
1078 1360 1153 1381 eam
1178 1350 1222 1381 ob
1247 1361 1317 1381 rem
1343 1351 1446 1382 Aries
1469 1354 1506 1382 et
1529 1350 1635 1382 Libra
1658 1351 1774 1382 minus

222 1403 426 1434 decertent:
464 1410 477 1432 1
504 1402 570 1435 474
601 1411 651 1442 sq.
679 1411 745 1442 quo
776 1401 872 1432 clara
905 1402 1015 1441 maai-3
1040 1402 1152 1442 possis
1178 1412 1369 1442 coynoscere
1399 1401 1510 1441 siqua,
1533 1402 1537 1444 Ι
1558 1412 1625 1434 non
1656 1402 1775 1434 uarios

221 1453 329 1486 obicias
358 1457 495 1484 noram.
560 1452 719 1484 diuersos
758 1452 878 1484 Iacobi
916 1456 952 1484 ct
990 1452 1141 1485 Breiteri
1173 1464 1308 1485 errores
1346 1454 1473 1485 omitto
1560 1453 1634 1492 432,
1669 1464 1771 1496 quem

220 1509 367 1547 propter
394 1504 552 1542 diuersi-s,
581 1504 675 1546 quod
706 1504 826 1536 eadem
857 1504 893 1536 ui
919 1515 977 1537 uu.
995 1505 1058 1537 395
1082 1509 1118 1536 et
1145 1505 1206 1536 521
1239 1505 1394 1546 positum
1422 1516 1496 1537 esse
1523 1504 1654 1537 oblitus
1681 1508 1769 1543 erat,

221 1557 355 1589 deleuit
386 1555 579 1595 Bentleiua
606 1557 657 1588 ita
687 1556 832 1588 additus
856 1562 910 1587 est
942 1562 982 1588 ut
1013 1565 1037 1587 v
1067 1557 1132 1588 250
1154 1560 1191 1588 et
1221 1557 1296 1594 537,
1325 1567 1403 1588 cum
1436 1556 1564 1599 quibus
1594 1557 1702 1589 etiam
1733 1557 1769 1588 in

219 1612 376 1650 tempore
403 1607 503 1640 uerbi
530 1608 702 1649 congruit.
752 1607 827 1645 erit,
856 1607 920 1639 hoc
947 1612 1000 1639 est
1025 1607 1229 1646 inuenietur,
1258 1609 1307 1640 sic
1336 1609 1481 1650 ponitur
1507 1608 1614 1640 etiam
1639 1617 1668 1640 11
1691 1610 1769 1646 550,

220 1661 295 1698 810,
325 1661 401 1698 867,
431 1660 506 1698 870,
534 1659 620 1690 alibi
707 1659 859 1690 433-452
890 1659 934 1691 de
964 1659 1020 1691 his
1051 1659 1211 1691 uersibus
1243 1670 1324 1691 uere
1354 1659 1511 1702 Scaliger
1544 1660 1650 1692 ‘haec
1681 1660 1770 1692 nihil

220 1714 304 1753 πρὸσ-
320 1713 378 1750 τὴν
396 1712 552 1742 οἰκείωσιν
569 1711 714 1750 ζωδίων,’
735 1710 826 1742 idem
844 1710 887 1742 <le
902 1710 1054 1742 453-465
1082 1714 1090 1727 ⁶
1102 1721 1170 1743 non
1193 1711 1303 1753 magis
1325 1711 1409 1743 haec
1432 1714 1516 1752 πρὸσ
1535 1713 1593 1750 τὴν
1613 1713 1769 1743 οἰκείωσιν

219 1766 283 1795 τῶν
305 1764 422 1802 ζωδίων
440 1762 620 1804 pertinent
635 1773 741 1804 quam
758 1762 892 1794 tutelae
914 1773 1020 1804 supra
1035 1764 1184 1804 positae,
1203 1767 1239 1794 et
1255 1763 1363 1794 alium
1385 1763 1499 1795 locum
1516 1762 1769 1805 postulabant.'

220 1815 350 1846 etenim
373 1825 452 1846 cum
476 1814 637 1846 uersibus
661 1814 814 1848 270-432
837 1814 998 1856 exposita
1023 1814 1070 1846 sit
1096 1815 1275 1856 signorum
1300 1825 1362 1856 per
1387 1815 1516 1846 formas
1540 1814 1770 1856 geometricas

219 1866 313 1898 facta
330 1866 542 1901 coniunctio.
561 1865 615 1897 his
637 1876 700 1907 per
716 1865 800 1906 quin
821 1866 924 1897 eliam
946 1876 978 1898 u.
996 1866 1060 1898 466
1083 1869 1167 1907 apte
1188 1865 1348 1897 subnecti
1370 1869 1537 1908 poterant
1555 1866 1765 1907 propriae,

218 1917 347 1960 quibus
385 1918 477 1949 inter
516 1928 552 1948 ee
591 1921 687 1949 astra
726 1917 948 1955 conueniant,
986 1917 1097 1958 leyes3
1144 1917 1250 1949 medii
1285 1928 1368 1949 uero
1406 1918 1584 1949 interiecti
1618 1918 1769 1950 433-465

219 1969 375 2001 ordinem
394 1980 507 2000 rerum
524 1968 747 2010 perturbant,
768 1968 970 2011 frustraque
986 1974 1091 2011 poeta
1108 1969 1239 2001 tutelas
1255 1969 1420 2001 noscendi
1437 1980 1556 2001 curam
1571 1969 1767 2009 proximam

219 2032 293 2054 esse
316 2020 511 2063 praedicat,
531 2031 620 2062 quae
643 2020 746 2062 longe
770 2020 852 2052 hinc
875 2024 1010 2052 remota
1034 2023 1088 2052 est
1112 2024 1148 2052 et
1171 2021 1284 2052 multo
1308 2021 1424 2052 minus
1448 2021 1564 2052 alieno
1587 2020 1662 2052 loeo
1685 2024 1768 2052 ante

220 2083 252 2105 ιι.
280 2073 346 2107 270
379 2073 516 2114 agitata
551 2075 665 2104 esset:
705 2072 900 2113 simplicius
934 2083 967 2104 u.
997 2073 1060 2104 453
1099 2072 1245 2114 imperio
1283 2073 1400 2104 utitur
1437 2076 1474 2104 et
1510 2073 1666 2114 accipere
1705 2083 1769 2104 nos

217 2123 315 2156 iubet
338 2135 427 2166 quae
450 2124 498 2155 ibi
523 2123 663 2155 tradere
687 2124 884 2155 constituit.
934 2123 1020 2165 quid
1043 2124 1166 2155 statim
1187 2127 1267 2165 post
1283 2135 1316 2155 u.
1331 2124 1396 2156 432
1416 2124 1515 2165 sequi
1536 2123 1681 2156 deberet
1698 2124 1766 2156 iam

217 2176 347 2208 codicis
371 2179 397 2208 G
421 2175 587 2207 librarius
611 2175 754 2207 uidetur
777 2176 937 2214 sensisse,
964 2176 1025 2217 qui
1051 2175 1197 2207 titulum
1223 2177 1341 2207 uersui
1368 2176 1432 2208 466
1457 2175 1766 2217 praescribendum

216 2227 391 2267 simiorum
416 2226 617 2258 commercia
638 2226 775 2258 «luobus
798 2226 894 2265 locis,
917 2231 952 2259 et
977 2230 1058 2258 ante
1079 2228 1143 2259 433
1165 2232 1200 2258 et
1225 2231 1308 2258 ante
1332 2228 1408 2265 439,
1431 2227 1613 2269 praecepit
1699 2226 1766 2258 433

217 2279 503 2321 interrogationis
524 2282 644 2311 notam
668 2279 787 2319 posuit
811 2277 982 2316 Iacobus;
1006 2278 1189 2310 Bentleins
1210 2278 1308 2310 rebus
1331 2279 1365 2310 in
1390 2283 1494 2310 rescat
1518 2281 1656 2310 mutato
1683 2289 1761 2310 con-

216 2330 446 2362 structionem
458 2329 679 2372 reciperauit,
692 2341 798 2372 quam
812 2329 966 2371 Scaliger
979 2329 1182 2372 neglexerat
1262 2329 1414 2361 434-452
1433 2330 1566 2361 tutelae
1579 2329 1763 2362 duodecim

216 2382 360 2414 deorum
385 2381 536 2413 totidem
560 2382 668 2423 signis
693 2381 899 2420 attributae,
925 2392 995 2423 quo
1019 2381 1062 2413 de
1086 2381 1161 2413 loco
1185 2381 1219 2412 in
1244 2381 1462 2423 praefatione
1485 2381 1634 2413 disserui

257 2433 322 2465 435
346 2442 436 2472 quae
464 2435 590 2472 cuique
614 2433 689 2465 cod.
711 2433 817 2471 Flor.‚
851 2442 919 2471 que
947 2435 1079 2471 quique
1106 2436 1151 2471 M,
1178 2435 1382 2471 quaecfique
1410 2436 1444 2471 L,
1470 2441 1701 2471 quaecunque
1723 2435 1758 2464 G.

216 2495 303 2526 quae
329 2485 517 2517 relatiuum
546 2495 619 2516 esse
648 2486 802 2523 (noscere
829 2495 870 2516 ea
897 2484 997 2526 signa
1024 2494 1113 2526 quae
1139 2495 1202 2516 suo
1225 2484 1350 2525 cuique
1374 2484 1439 2516 deo
1462 2487 1590 2516 natura
1613 2483 1763 2523 dicauit)

215 2536 373 2568 ostendit
388 2535 604 2568 indicatiuus
621 2536 720 2567 uerbi
737 2535 872 2575 modus,
891 2536 990 2567 cuins
1006 2536 1041 2567 in
1059 2535 1228 2577 pendenti
1250 2536 1526 2577 interrogatione
1544 2535 1652 2577 positi
1667 2535 1761 2577 quod

215 2598 323 2619 unum
348 2587 443 2629 apud
467 2587 655 2619 Manilium
679 2590 780 2619 extat
803 2587 1002 2629 exemplum
1026 2596 1071 2619 111
1093 2587 1156 2619 385
1176 2597 1227 2629 sq.
1247 2592 1375 2628 quanto
1397 2587 1585 2619 uariantur
1607 2592 1762 2627 tempora

215 2644 306 2671 motu
325 2638 330 2681 1
352 2644 381 2671 ει
408 2638 528 2680 quibus
555 2649 571 2670 e
598 2639 721 2677 causis,
747 2638 876 2670 dictum
903 2643 949 2670 est
976 2638 1046 2670 leni
1072 2638 1318 2670 emendatione
1345 2638 1492 2670 sustulit
1516 2638 1755 2680 Tappertzius.

214 2701 254 2722 ac
270 2693 410 2732 poterat
427 2690 491 2722 hoc
507 2690 582 2722 loco
598 2701 666 2721 non
685 2690 800 2721 minus
819 2690 922 2722 facile
944 2690 1065 2732 reponi
1086 2689 1214 2722 dicarit
1231 2690 1295 2728 (ita
1311 2689 1416 2731 Verg.
1437 2690 1525 2722 Aen.
1545 2698 1602 2721 vn
1617 2690 1680 2724 207
1696 2699 1760 2732 pro

211 2741 412 2782 penetrarit,
436 2741 530 2784 quod
554 2741 647 2772 solus
671 2741 829 2773 seruauit
854 2741 896 2780 R,
920 2741 956 2773 in
980 2741 1080 2773 FMP
1099 2741 1294 2782 penetrauit
1317 2741 1473 2783 legitur),
1496 2740 1557 2773 sed
1580 2751 1650 2772 non
1672 2751 1759 2783 opus

214 2797 291 2831 est;
314 2804 395 2824 nam
416 2792 499 2824 alibi
521 2803 658 2834 quoque
680 2793 903 2824 enuntiatum
924 2792 1113 2824 relatiuum
1138 2793 1189 2824 ita
1212 2792 1356 2834 ponitur
1376 2796 1418 2824 ut
1438 2792 1483 2823 ab
1504 2792 1758 2834 interrogatiua

214 2845 383 2876 orationis
405 2844 515 2875 forma
536 2855 605 2875 non
626 2843 778 2875 multum
800 2843 939 2875 differre
960 2843 1136 2882 uideatur,
1161 2844 1260 2875 uelut
1283 2843 1390 2875 Mart.
1412 2852 1452 2874 IX
1467 2844 1509 2877 27
1529 2844 1568 2876 13
1584 2853 1633 2885 sq.
1649 2843 1756 2884 pudet

203 2895 288 2936 sari
306 2895 310 2937 Ι
335 2895 539 2934 Catoniana,
560 2895 706 2933 Chreme,
726 2895 920 2936 quodfacis
935 2895 1065 2936 linqua,
1085 2894 1187 2927 Ouid.
1209 2895 1300 2927 trist.
1321 2904 1361 2927 IV
1380 2895 1420 2927 10
1434 2895 1476 2927 43
1492 2905 1542 2937 sq.
1562 2904 1662 2936 saepe
1677 2904 1757 2927 suas
