1931 3202
628 136 1108 181 ASTRONOMICON
1148 137 1197 179 II
1659 139 1685 177 5

215 256 254 288 19
314 248 422 303 quin
443 248 577 289 etiam
598 247 713 289 ruris
733 247 878 289 cultus
898 247 1102 303 legesque
1123 247 1299 288 notauit

212 331 254 364 20
313 321 606 377 militiamque
627 321 719 371 soli,
741 321 858 377 quod
878 321 1008 363 eolles
1029 321 1227 363 Bacchus
1248 323 1429 369 amaret,

313 395 431 451 quod
451 394 641 437 fecunda
662 395 793 438 Ceres
814 410 1000 451 campos,
1022 395 1139 451 quod
1161 394 1306 436 Pallas
1326 397 1577 449 utrumque,

312 472 446 526 atque
467 469 650 511 arbusta
669 470 796 526 uagis
819 473 964 512 essent
985 469 1102 525 quod
1123 469 1325 511 adultera
1345 468 1486 525 pomis
1502 482 1511 518 3

213 553 253 585 18
312 543 546 599 omniaque
566 543 764 586 inmenso
786 543 1022 585 uolitantia
1042 543 1211 585 lumina
1231 543 1407 591 mundo,

139 679 402 719 ἀμηχανοεργῶν.
464 678 534 710 iam
565 679 681 710 omnia
711 681 807 710 recte
844 677 1062 720 procedunt:
1102 678 1316 710 rusticorum
1350 676 1533 708 numinum
1571 686 1604 708 u.
1640 676 1684 708 23

138 729 316 762 mentione
331 730 427 762 facta
442 729 487 762 ad
504 740 560 762 res
584 731 735 762 rusticas
751 733 787 762 et
810 730 847 762 in
868 740 908 762 ea
931 730 1080 761 materia
1100 733 1311 771 occupatum
1331 739 1472 760 carmen
1488 728 1683 766 transitur3

139 781 276 820 deinde,
296 792 375 813 cum
391 792 424 813 u.
446 782 486 814 18
502 792 586 814 usus
602 781 838 814 astronomiae
861 785 1074 813 memoratus
1097 781 1155 820 sit,
1175 780 1220 812 ad
1236 790 1294 812 eos
1312 783 1436 822 poetas
1458 779 1683 822 progreditur

138 832 252 864 oratio
278 832 339 875 qui
370 832 493 864 dedita
519 843 624 875 opera
654 837 831 865 astrorum
857 832 987 875 figuras
1014 832 1276 874 descripserunt
1373 831 1416 862 23
1447 833 1594 863 numina
1620 834 1680 870 GL,

139 886 281 916 rumina
303 887 337 916 M
423 886 579 923 nimphis
601 888 697 924 GLM,
715 887 881 923 nimphas
900 884 975 916 cod.
1000 884 1093 916 Flor.
1186 883 1320 915 frustra
1339 882 1489 924 lymphis
1505 881 1685 914 Breiterus

140 935 177 968 in
198 935 317 967 Fleok.
337 936 452 968 annal.
472 936 541 968 uol.
564 937 625 969 139
648 947 682 978 p.
705 937 778 974 197,
797 946 909 977 neque
931 936 1036 974 enim,
1054 938 1096 967 ut
1112 935 1275 977 Iuppiter
1297 934 1380 966 sede
1403 934 1615 976 Capitolina,
1635 934 1684 965 sic

139 987 316 1029 nymphae
337 988 438 1029 aquis
461 994 617 1019 sacratae
638 990 733 1027 sunt,
751 990 788 1019 et
811 987 913 1029 longe
933 987 1039 1019 aliter
1061 986 1231 1027 indiyenis
1252 991 1409 1018 sacratus
1432 985 1541 1027 aquis,
1561 985 1685 1017 datiuo

140 1049 236 1078 casu,
254 1039 415 1070 sacerdos
436 1039 568 1071 dicitur
584 1039 659 1071 Val.
680 1039 731 1071 Fl.
752 1048 792 1070 VI
808 1040 895 1077 294;
918 1049 1032 1080 neque
1048 1039 1178 1070 rectius
1192 1037 1345 1079 flumina
1360 1037 1399 1069 P.
1419 1037 1627 1069 Thomasius
1647 1037 1683 1068 in

140 1093 214 1122 not.
228 1093 265 1122 et
281 1090 368 1122 coni.
389 1101 443 1122 an.
461 1091 542 1123 1891
559 1101 593 1132 p.
609 1090 640 1129 7,
654 1101 734 1122 nam
752 1089 897 1122 flumina
920 1091 992 1122 suis
1009 1090 1095 1129 deis,
1114 1089 1280 1131 nymphis
1303 1089 1419 1121 fontes
1435 1089 1565 1121 sacrati
1586 1092 1680 1120 sunt.

140 1152 181 1173 ac
196 1141 309 1173 forma
325 1142 467 1184 quidem
484 1142 654 1174 orationis
670 1142 755 1184 quin
772 1142 808 1173 in
825 1142 1029 1174 Florentino
1051 1142 1219 1173 restituta
1235 1141 1283 1173 sit
1303 1141 1363 1172 uix
1384 1140 1541 1172 dubitari
1563 1140 1684 1172 sinunt

141 1193 178 1225 hi
208 1193 288 1232 loci,
318 1192 421 1226 Ouid.
452 1193 524 1225 her.
556 1203 596 1225 IV
628 1194 687 1228 171
719 1193 831 1235 satyri
860 1198 1089 1234 montanaque
1119 1192 1263 1224 numina
1288 1202 1410 1233 panes,
1439 1191 1520 1224 fast.
1550 1201 1589 1223 VI
1620 1192 1685 1224 323

140 1249 275 1285 satyros
297 1249 327 1276 et.
349 1244 479 1276 rustica
501 1244 647 1277 numina
668 1245 849 1286 nymphas,
869 1248 952 1276 met.
973 1254 986 1276 1
1005 1245 1066 1276 192
1086 1249 1163 1276 mni
1183 1244 1271 1276 mihi
1289 1243 1439 1282 semidei,
1457 1248 1535 1275 sunl
1555 1243 1684 1275 rustica

140 1295 284 1328 numina
306 1296 488 1338 nymphae,
512 1305 580 1328 XIV
600 1297 663 1331 327
677 1307 726 1338 sq.
744 1297 842 1328 illum
858 1297 1012 1337 fontana
1034 1296 1191 1336 petebant
1211 1296 1215 1337 Ι
1235 1295 1379 1327 numina
1399 1294 1555 1333 naiades,
1574 1295 1679 1336 Verg.

140 1358 257 1390 georg.
285 1357 300 1379 1
328 1349 369 1381 10
395 1352 567 1389 ayreslum
592 1348 791 1389 praesencia
817 1348 962 1380 numina
982 1348 1103 1388 fauni,
1129 1347 1219 1380 Stat.
1246 1347 1354 1379 Theb.
1382 1356 1422 1378 IV
1449 1347 1513 1379 684
1538 1351 1686 1387 ayrestes

133 1399 328 1441 fluuiorum
349 1399 493 1432 numina
520 1401 703 1441 nymphae,
729 1400 807 1432 silu.
829 1409 843 1431 I
866 1401 887 1431 5
907 1400 928 1430 2
947 1409 1005 1431 uec
1030 1400 1162 1431 lassata
1185 1409 1266 1431 uoco
1291 1398 1409 1430 totiens
1431 1397 1518 1430 mihi
1540 1398 1684 1429 numina

139 1451 275 1490 Musas,
303 1452 435 1483 Auson.
464 1452 528 1483 418
559 1453 600 1486 73
630 1451 739 1493 (Peip.
769 1462 801 1493 p.
833 1452 911 1490 289)
943 1450 1085 1483 Boeotia
1115 1450 1259 1482 numina
1289 1450 1425 1488 Musae,
1452 1449 1589 1481 Mosell.
1623 1450 1684 1484 177

139 1502 286 1535 lasciuos
298 1503 476 1544 payaniea
496 1503 640 1535 numina
655 1503 799 1544 faunos,
817 1502 940 1535 Claud.
960 1503 1001 1534 28
1018 1503 1083 1535 200
1102 1502 1230 1534 rustica
1246 1501 1390 1533 numina
1404 1501 1549 1541 saimos,
1568 1501 1650 1532 Luc.
1671 1510 1684 1532 I

139 1554 204 1587 313
230 1554 483 1595 Marcellusque
507 1555 635 1596 loquax
660 1560 689 1586 et
714 1554 855 1586 nomina
879 1565 974 1586 ‘tiana
1001 1554 1154 1592 Calones,
1181 1563 1220 1585 VI
1245 1554 1308 1587 795
1331 1552 1520 1594 popularia
1545 1552 1686 1584 nomina

139 1605 285 1645 Brasos,
303 1615 360 1638 VII
381 1607 444 1639 408
466 1616 516 1648 sq.
534 1606 672 1646 feralia
695 1606 836 1638 nomina
859 1606 999 1639 Cannae,
1018 1605 1022 1647 1
1045 1610 1074 1637 et
1092 1630 1099 1638 .
1120 1630 1128 1637 .
1149 1630 1156 1637 .
1176 1604 1289 1644 Allia,
1308 1614 1380 1636 VIII
1401 1605 1466 1637 404
1482 1615 1532 1646 sq.
1552 1603 1685 1636 iacuere

138 1667 269 1689 sorores
288 1657 293 1698 Ι
313 1656 351 1688 in
375 1667 492 1698 reyum
517 1657 680 1689 thalamis
703 1661 906 1698 sacrataque
926 1657 1079 1698 piynora
1104 1661 1242 1695 matre-5,
1267 1666 1480 1698 quamquam
1504 1655 1548 1687 ab
1573 1655 1685 1687 altera

140 1711 242 1750 parte
265 1709 394 1751 opponi
417 1711 537 1751 potest
557 1708 618 1742 Sil.
640 1718 711 1740 VIII
733 1709 796 1741 253
819 1713 1024 1749 sacrataque
1047 1708 1187 1740 nomina
1212 1707 1346 1746 Marti3
1373 1707 1544 1749 nymphas
1566 1711 1685 1739 autem

139 1763 284 1802 propter
307 1765 446 1792 sacrata
469 1760 506 1792 in
531 1760 693 1792 datiuum
716 1760 844 1792 abiisse
869 1760 1037 1792 credibile
1061 1763 1125 1791 est.
1176 1759 1236 1791 sed
1262 1759 1359 1790 nullo
1383 1769 1485 1790 sensu
1508 1758 1685 1800 nymphae

139 1812 347 1853 simpliciter
368 1816 525 1844 sacratae
547 1812 715 1844 dicuntur
737 1813 832 1851 (nam
848 1812 1025 1844 Hesiodus
1049 1811 1166 1853 theog.
1186 1812 1250 1843 346
1267 1810 1459 1843 Oceaninas
1483 1811 1564 1851 ἱερὸν
1587 1811 1685 1849 ’γένοσ

139 1863 345 1905 appellauit,
366 1865 531 1904 ἱερωμένον
551 1874 621 1895 non
638 1864 761 1903 item);
785 1864 905 1905 itaque
927 1874 1006 1895 cum
1022 1863 1167 1894 Ellisius
1185 1863 1274 1894 falso
1295 1873 1339 1894 ex
1354 1865 1388 1893 M
1405 1861 1539 1894 saciata
1559 1862 1683 1893 rettul-

139 1915 236 1954 isset,
262 1926 410 1957 cumque
436 1916 620 1947 notissima
648 1919 740 1947 esset
766 1915 1003 1957 nympharum
1030 1925 1109 1946 cum
1136 1915 1267 1955 satyris
1294 1914 1454 1952 societas,
1480 1923 1571 1945 anno
1601 1914 1685 1945 1903

139 1966 269 1999 sociata
297 1967 484 2009 proposui:
523 1977 617 1999 nunc
648 1966 743 1998 haud
770 1968 842 1998 scio
873 1977 917 1998 an
948 1966 1166 2008 probabilius
1191 1966 1239 1997 sit
1268 1970 1394 1997 secreta
1424 1965 1562 1996 collatis
1593 1964 1680 1996 Hor.

138 2028 243 2050 carm.
271 2027 285 2050 1
311 2019 326 2050 1
351 2019 437 2051 30-‘2
459 2028 511 2050 me
534 2043 541 2050 .
563 2043 570 2050 .
592 2043 599 2050 .
619 2018 853 2060 nympharum
870 2043 877 2050 .
899 2043 906 2050 .
928 2043 934 2050 .
956 2028 1031 2050 cum
1060 2019 1187 2058 satyris
1217 2017 1312 2049 chori
1332 2017 1337 2058 1
1356 2021 1529 2048 secernunt
1555 2016 1685 2056 populo

227 2069 268 2100 19
290 2073 432 2102 notauit
452 2070 491 2102 P.
512 2070 680 2102 Francius
711 2071 748 2102 in
778 2070 969 2111 exemplari
996 2069 1223 2111 Gottingensi
1254 2071 1345 2100 auct.
1367 2068 1465 2100 class.
1486 2067 1563 2099 Lat.
1586 2068 1680 2105 1366,

138 2123 274 2154 notarit
297 2124 333 2161 G,
358 2124 499 2160 rogarit
520 2124 578 2153 LM
601 2124 638 2153 et
661 2132 725 2163 pro
748 2132 821 2153 uar.
847 2132 910 2153 scr.
936 2124 972 2159 G,
997 2120 1133 2161 royauil
1157 2120 1232 2152 cod.
1258 2120 1349 2151 Flor.
1441 2118 1484 2150 20
1506 2118 1680 2150 militiam-

140 2183 202 2214 que
232 2172 306 2212 soli,
339 2174 380 2204 IV
412 2174 473 2205 145
503 2183 553 2215 sq.
585 2173 721 2205 Taurus
752 2183 869 2205 mense
900 2173 1018 2214 Aprili
1044 2172 1207 2204 miliciam
1233 2171 1355 2203 indicit
1385 2170 1485 2202 terris
1511 2175 1541 2201 et
1567 2171 1682 2210 seynz'a

139 2235 227 2256 rura
246 2224 251 2265 Ι
271 2224 309 2256 in
333 2228 458 2256 ueteres
483 2229 620 2256 reuocat
644 2225 752 2257 cultus
841 2224 931 2265 quod
948 2248 955 2256 .
977 2248 984 2256 .
1006 2248 1013 2255 .
1034 2228 1188 2255 amaret:
1218 2223 1299 2254 uide
1328 2222 1425 2255 Caes.
1455 2221 1522 2253 b.c.
1552 2231 1565 2252 1
1592 2222 1634 2253 23
1661 2222 1682 2253 3

132 2286 251 2317 pauca
280 2276 377 2316 apud
414 2286 466 2308 eos
496 2276 657 2317 loquitur,
691 2276 783 2318 quod
813 2276 876 2307 sibi
913 2286 936 2307 a
962 2281 1064 2316 parte
1096 2285 1212 2306 eoram
1241 2274 1359 2314 qratia
1395 2273 1507 2305 relata
1542 2283 1608 2304 non
1638 2273 1680 2304 sit

139 2338 297 2369 quaeque
315 2331 498 2369 praeterea
520 2328 723 2370 Maduigius
745 2327 940 2369 composuit
964 2337 1081 2368 opusc.
1108 2335 1137 2358 11
1158 2337 1191 2367 p.
1219 2327 1283 2358 236
1371 2324 1412 2356 21
1436 2328 1552 2363 pallas
1576 2324 1679 2355 Bent-

139 2379 240 2418 leius,
265 2382 397 2411 bachus
420 2379 513 2418 libri,
535 2380 627 2411 sicut
648 2380 755 2411 etiam
776 2390 810 2410 u.
835 2379 887 2411 20.
936 2378 1039 2410 Lucr.
1061 2386 1086 2409 V
1109 2379 1236 2411 1373-5
1259 2377 1411 2409 olearum
1430 2376 1435 2417 l
1457 2376 1594 2408 caerula
1611 2399 1618 2406 .
1640 2401 1647 2407 .
1669 2400 1675 2406 .

134 2430 245 2471 playa
262 2455 269 2462 .
290 2454 298 2462 .
320 2455 327 2462 .
346 2440 412 2471 per
434 2431 580 2463 tzmzulos
604 2435 633 2463 et
656 2431 824 2463 conualles
847 2440 1048 2470 camposque
1067 2429 1217 2470 profusa
1304 2428 1346 2459 22
1369 2430 1534 2460 adultera
1557 2430 1615 2464 GL,
1643 2431 1679 2459 et

137 2484 236 2513 ultra
265 2485 308 2514 M.
372 2481 570 2513 Bullialdus
599 2482 725 2514 attulit
755 2482 844 2513 Plin.
879 2481 952 2513 n.h.
987 2490 1069 2512 XVII
1100 2482 1119 2513 8
1158 2480 1262 2512 insila
1299 2484 1328 2511 el
1358 2479 1520 2511 arborum
1550 2488 1679 2519 qaoque

140 2533 315 2565 adulteria
336 2533 525 2574 excogitata
545 2539 633 2572 siml,
657 2538 694 2565 ul
712 2544 770 2565 nec
786 2544 893 2574 poma
907 2532 1121 2573 pauperibus
1141 2535 1368 2563 nasceremur.
1417 2533 1572 2562 ceterum
1593 2530 1678 2561 haec

141 2584 184 2616 de
214 2583 391 2626 segetibus
426 2585 539 2616 uineis
577 2585 719 2617 oliuetis
757 2584 981 2616 insitionibus
1018 2586 1206 2626 praecepta
1244 2583 1338 2624 apud
1376 2581 1571 2613 Hesiodum
1609 2592 1677 2612 non

140 2635 325 2674 habentur,
356 2635 504 2668 fortasse
531 2636 567 2667 in
597 2638 758 2676 μεγάλοιο·
785 2637 894 2677 ἕργοισ
923 2635 1079 2674 tradita;
1114 2635 1277 2666 similiter
1304 2634 1396 2665 enim
1420 2633 1624 2675 Propertius
1648 2642 1677 2664 11

140 2688 183 2719 34
213 2686 254 2721 77
284 2697 334 2728 sq.
365 2686 511 2719 Ascraei
536 2687 659 2719 ueteris
680 2692 868 2728 praecepta
892 2692 1025 2727 poetae,
1048 2687 1052 2728 Ι
1073 2697 1139 2728 quo
1162 2696 1251 2727 seyes
1275 2685 1311 2717 in
1337 2695 1468 2725 campo,
1497 2695 1563 2725 quo
1589 2683 1677 2716 airet

141 2748 212 2770 uua
228 2737 306 2778 iuyo
396 2738 435 2768 18
450 2741 609 2771 inmenso
630 2742 654 2770 L
674 2742 711 2770 et
732 2740 858 2778 (imm-)
880 2741 917 2777 G,
941 2740 1107 2770 uniuerso
1128 2741 1162 2769 Μ
1250 2739 1386 2769 lumina
1407 2736 1482 2768 cod.
1505 2735 1674 2774 Cusanus,

139 2791 282 2821 rumina
303 2792 349 2828 M,
374 2792 520 2821 numina
542 2793 601 2822 GL.
650 2790 794 2822 numina
816 2800 878 2831 per
901 2789 1071 2821 mundum
1097 2789 1287 2821 uolitantia
1314 2799 1415 2820 nemo
1437 2790 1500 2819 aut
1523 2786 1676 2818 Graecus

139 2845 203 2872 aut
219 2840 398 2872 Romanus
413 2841 530 2873 animo
550 2841 716 2882 fingebat,
735 2842 803 2873 nisi
824 2841 917 2873 forte
939 2841 1080 2873 ridiculi
1101 2851 1205 2872 causa
1225 2843 1261 2872 et
1282 2840 1534 2881 contemptim:
1561 2838 1676 2870 sidera

140 2892 292 2925 uolitare
314 2892 482 2924 Manilius
505 2892 598 2925 dixit
625 2902 639 2924 1
660 2894 735 2932 200,
762 2893 836 2931 806,
861 2902 891 2924 II
914 2894 989 2931 415,
1012 2902 1036 2924 V
1060 2892 1134 2927 733.
1183 2892 1239 2924 hic
1262 2895 1381 2923 autem
1404 2889 1609 2928 uersiculus,
1635 2893 1676 2921 ut
