1931 3202
678 119 1163 163 ASTRONOMICON
1203 119 1254 161 II
1680 124 1733 161 55

368 245 557 287 namque
578 231 718 281 Aries,
739 231 826 272 Leo
848 235 892 273 et
914 231 1223 286 Arquitenens,
1245 231 1410 273 sociata
1429 231 1606 287 trigona

370 306 508 361 signa,
528 308 695 361 negant
716 304 865 348 Chelis
887 305 1043 347 foedus
1063 306 1234 361 totique
1256 306 1431 361 trigono

245 388 309 421 525
369 379 486 434 quod
508 379 681 421 Gemini
703 379 930 435 excipiunt
950 379 1141 420 fundens
1163 382 1208 421 et
1228 380 1451 435 Aquarius
1473 379 1623 421 undas.

368 453 501 509 idque
522 453 687 509 duplex
708 453 822 494 ratio
843 453 962 509 cogit
982 468 1137 495 uerum
1159 468 1251 495 esse
1272 453 1417 502 fateri,

370 527 487 583 quod
507 527 595 569 tria
617 527 744 582 signa
765 527 909 569 tribus
930 527 1069 583 signis
1090 528 1311 570 contraria
1333 527 1520 583 fulgent,

368 601 569 657 quodque
590 604 770 643 aeterna
791 604 973 643 manent
993 602 1222 643 hominum
1243 602 1357 643 bella
1378 606 1511 657 atque
1527 601 1733 643 ferarum.

368 675 581 730 [humana
601 678 668 717 est
689 675 824 717 facies
845 675 1014 725 Librae,
1036 675 1211 717 diuersa
1233 675 1421 730 Leonis]

243 759 308 792 530
365 749 527 792 ideireo
548 752 593 791 et
613 749 775 791 cedunt
795 750 993 805 pecudes,
1015 751 1132 805 quod
1154 750 1324 791 uiribus
1344 750 1502 806 amplis

366 824 595 866 consilium
617 828 684 865 est
704 824 856 865 maius.
916 824 1061 865 uictus
1083 823 1170 866 Leo
1191 823 1336 880 fulget
1356 824 1402 865 in
1423 825 1565 873 astris,

366 913 499 940 aurea
520 898 738 954 Lanigero
759 898 971 940 concessit
992 898 1136 940 sidera
1157 899 1295 954 pellis,

365 973 457 1029 ipse
478 987 582 1014 suae
603 973 720 1028 parti
743 972 992 1014 Centaurus
1013 976 1186 1029 tergore
1208 973 1334 1022 cedit,

190 1131 275 1162 ordo
386 1130 449 1161 523
478 1133 622 1170 trigona
652 1134 712 1170 GL,
744 1134 886 1170 trigono
917 1130 964 1170 L2,
998 1132 1084 1163 item
1114 1135 1159 1171 Μ,
1194 1131 1255 1163 sed
1291 1135 1478 1173 propterea
1508 1131 1590 1173 quia
1620 1130 1734 1162 scriba

191 1192 252 1213 sex
283 1181 425 1214 uocibus
455 1183 592 1214 omissis
626 1183 671 1214 ad
702 1183 945 1225 insequentem
975 1193 1116 1214 uersum
1150 1182 1313 1225 delapsus
1344 1186 1407 1215 est.
1471 1184 1568 1223 sigma
1599 1182 1734 1223 triyona

191 1233 340 1275 legimus
370 1242 400 1265 11
429 1234 505 1273 276,
540 1234 616 1272 318,
650 1239 747 1266 astra
778 1234 914 1275 triyona
945 1235 1018 1269 674.
1082 1245 1151 1266 uno
1190 1235 1301 1266 solum
1338 1234 1414 1266 loco
1445 1234 1612 1266 Manilius
1647 1233 1734 1265 duos

189 1285 376 1317 continuos
413 1296 536 1317 uersus
575 1286 697 1318 eadem
734 1286 891 1318 eiusdem
930 1285 1093 1317 uocabuli
1136 1286 1248 1317 forma
1286 1286 1451 1317 clausisse
1492 1285 1646 1324 uidetur,
1688 1294 1733 1317 111

191 1337 255 1368 369
286 1347 335 1378 sq.
376 1337 463 1376 orbe,
496 1337 556 1369 ubi
590 1337 695 1380 plena
729 1338 940 1379 interposita
974 1337 1201 1368 distinctione
1235 1337 1376 1369 tollitur
1410 1337 1576 1375 offensi03
1608 1347 1687 1368 nam
1720 1346 1733 1367 1

190 1388 255 1420 223
278 1398 328 1430 sq.
349 1388 480 1430 duplex
505 1393 614 1429 yentes
640 1388 725 1421 ferri
752 1399 821 1420 non
849 1399 949 1430 posse
976 1388 1136 1420 Bentleio
1163 1389 1345 1427 assentior,
1375 1397 1405 1420 ΙΙ
1432 1390 1494 1421 698
1522 1399 1571 1430 sq.
1603 1398 1668 1420 esse
1698 1392 1734 1420 et

192 1448 216 1469 v
240 1440 305 1472 440
329 1450 378 1481 sq.
399 1440 455 1472 z'lle
478 1440 586 1472 etiam
611 1441 690 1472 aliis
711 1440 910 1471 nominibus
932 1443 1095 1482 suspecta
1120 1444 1203 1472 sunt
1291 1440 1354 1470 524
1377 1451 1443 1472 om.
1464 1443 1509 1479 M,
1533 1440 1601 1471 nisi
1625 1439 1730 1481 quod,

191 1494 232 1522 ut
263 1491 351 1530 dixi,
383 1492 420 1523 in
451 1493 630 1533 superiore
661 1502 765 1523 uersu
799 1493 930 1532 triyono
961 1491 1070 1523 habet
1100 1502 1163 1533 pro
1195 1491 1331 1532 triqona
1434 1490 1496 1522 525
1518 1491 1674 1532 fundens
1704 1498 1733 1522 ec

190 1542 373 1583 Aquarius
399 1543 521 1575 undas.
571 1543 656 1575 haec
687 1543 795 1574 uerba
822 1554 901 1574 cum
927 1543 981 1574 bis
1012 1544 1127 1584 posita
1154 1543 1236 1582 sint,
1264 1547 1300 1574 et
1331 1543 1395 1574 hoc
1426 1543 1501 1574 loco
1528 1546 1565 1574 et
1595 1553 1627 1574 u.
1655 1543 1730 1581 248,

189 1593 372 1626 Bentleius
396 1594 468 1626 illic
491 1595 592 1633 nihil,
617 1594 673 1626 hic
700 1594 869 1636 ‘repone'
894 1595 1010 1636 inquit
1037 1594 1203 1635 ‘fundens
1226 1599 1255 1626 et
1276 1594 1457 1635 Aquarius
1484 1604 1634 1626 urnam.
1684 1594 1732 1625 sie

180 1645 334 1687 fundere
347 1646 483 1687 pocula,
499 1651 671 1687 pateram,
692 1647 866 1678 carchesia
877 1646 884 1660 '
899 1658 907 1684 3
932 1657 1034 1687 quem
1052 1646 1244 1688 Pingraeus
1261 1646 1312 1677 ita
1334 1646 1515 1688 redarguit
1530 1648 1571 1678 ut
1587 1646 1733 1677 alterius

190 1707 313 1729 uersus
349 1708 419 1729 non
458 1698 704 1730 reminiscatur
807 1697 869 1729 527
911 1698 1034 1729 ‘Aries
1072 1697 1210 1736 Librae,
1245 1697 1383 1730 Gemini
1422 1697 1624 1739 Sagittario,
1663 1697 1733 1729 Leo

189 1749 347 1791 Aquario
369 1750 531 1791 opposita
558 1749 660 1781 sunt’
689 1749 842 1791 Scaliger
931 1749 992 1779 528
1020 1753 1183 1787 quodque
1210 1752 1246 1788 G,
1275 1758 1413 1787 queque
1440 1752 1498 1780 ΒΜ
1586 1748 1649 1779 529
1675 1748 1733 1780 de-

189 1800 270 1832 leui.
334 1801 578 1843 interpolator,
612 1812 689 1833 cum
730 1806 912 1832 uereretur
942 1812 985 1832 ne
1022 1801 1179 1842 legentes
1218 1801 1355 1842 fugeret
1393 1800 1457 1832 sub
1495 1800 1621 1832 Librae
1659 1800 1733 1832 siue

189 1851 378 1884 Chelarum
407 1854 546 1884 nomine
577 1852 804 1894 cogitandum
837 1863 910 1884 esse
941 1852 1184 1894 libripendem,
1217 1852 1409 1883 ‘humana’
1437 1853 1488 1883 ait
1522 1854 1596 1883 ‘est
1626 1852 1732 1884 facies

189 1903 340 1936 Librae.'
394 1904 460 1936 hoc
490 1905 577 1936 satis
609 1904 706 1943 bene,
741 1904 802 1936 sed
836 1908 1019 1946 supererat
1050 1904 1138 1945 pisci
1176 1904 1319 1945 patinae
1349 1914 1522 1942 mensura,
1556 1914 1661 1945 quam
1692 1907 1732 1935 ut

189 1955 354 1997 impleret
369 1956 473 1987 nimis
490 1956 691 1988 ioculariter
709 1956 839 1987 adiecit
860 1955 1020 1987 ‘diuersa
1040 1955 1190 1993 Leonis‚'
1208 1960 1387 1997 tamquam
1407 1955 1602 1997 periculum
1622 1955 1732 1987 fuerit

189 2018 232 2038 ne
257 2007 392 2039 leonem
416 2018 480 2049 pro
505 2008 645 2039 homine
671 2007 899 2039 haberemus:
935 2007 978 2038 de
1004 2007 1127 2038 Ariete
1154 2007 1283 2049 trigoni
1308 2007 1454 2038 duetore
1477 2006 1569 2038 idem
1592 2017 1731 2038 monere

190 2059 368 2100 neglexit3
392 2059 512 2100 itaque
536 2059 580 2090 ad
603 2059 696 2090 hune
720 2069 829 2100 usque
853 2059 957 2097 diem,
979 2059 1114 2100 opinor,
1141 2059 1341 2100 ignoramus
1365 2061 1483 2090 utrum
1508 2058 1660 2089 humana
1683 2058 1731 2090 sit

189 2110 285 2142 illius
308 2110 453 2152 pecudis
476 2110 582 2142 facies
606 2121 649 2141 an
674 2110 823 2142 diuersa.
874 2114 1028 2142 ceterum
1053 2110 1096 2141 (10
1119 2121 1156 2141 re
1179 2109 1260 2141 uide
1284 2109 1406 2141 Ludw.
1431 2109 1576 2141 Maxim.
1604 2120 1636 2151 p.
1667 2110 1728 2141 108

192 2163 207 2193 l
233 2172 283 2203 sq.
311 2163 528 2202 ἀνθρωποειδῆ
556 2163 686 2200 Δίδυμοι
704 2186 711 2193 .
733 2186 740 2193 .
761 2187 768 2193 .
788 2164 894 2202 ΖυὙὸσ·
911 2186 918 2193 .
940 2186 947 2194 .
969 2186 975 2193 .
992 2161 1179 2202 ’Τδροχόοσ,
1210 2160 1387 2193 C.C.A.G.
1415 2170 1429 2192 I
1454 2171 1486 2202 p.
1510 2162 1571 2193 166
1595 2161 1638 2192 30
1660 2171 1726 2202 sq„

190 2213 278 2255 Lyd.
305 2213 348 2245 de
369 2215 496 2245 ostent.
520 2222 539 2245 C
561 2214 580 2245 9
600 2222 622 2244 B
643 2215 671 2244 εἰ
687 2215 842 2252 Διδύμοισ
863 2216 882 2252 ἢ
902 2212 993 2253 ΖυὙῷ
1011 2216 1030 2251 ἣ
1044 2213 1201 2253 ’Τόροχόῳ
1221 2214 1355 2253 ’γένηται
1375 2213 1412 2243 τὸ
1432 2214 1585 2250 τοιοῦτον,
1610 2214 1726 2252 ἀνθρω-

189 2267 339 2296 ποειδοῦσ
355 2266 450 2296 ὅντοσ
462 2267 517 2296 τοῦ
529 2266 694 2305 τριγώνου,
711 2265 809 2296 Vett.
827 2265 906 2296 Val.
923 2275 955 2306 p.
975 2266 1015 2296 10
1034 2266 1071 2296 18
1089 2266 1196 2304 Ζυγόσ
1209 2289 1216 2296 .
1234 2289 1240 2296 ,
1260 2289 1266 2295 .
1284 2265 1528 2304 ἀνθρωποειδέσ,
1546 2274 1578 2305 p.
1595 2265 1656 2296 341
1674 2265 1723 2302 16,

190 2316 306 2358 Heph.
331 2316 438 2348 Theb.
460 2325 474 2347 1
496 2317 510 2347 1
534 2318 579 2358 (p.
604 2318 644 2351 57
667 2317 714 2356 3),
738 2316 916 2348 C.C.A.G.
937 2325 992 2347 VII
1012 2327 1044 2358 p.
1065 2316 1128 2348 203
1150 2315 1223 2355 fin.,
1249 2315 1386 2347 uirilem
1411 2315 1557 2356 figuram
1582 2315 1617 2346 in
1639 2316 1726 2347 artis

188 2368 424 2399 monumentis
451 2367 546 2409 apud
573 2367 760 2407 Thielium,
790 2368 914 2399 antike
938 2367 1229 2398 Himmelsbilder
1256 2378 1312 2408 pp.
1343 2367 1386 2398 25
1413 2370 1448 2398 et
1476 2366 1528 2405 70,
1558 2366 1723 2405 Bollium,

188 2419 356 2461 sphaerae
380 2419 452 2451 tab.
481 2428 514 2458 v,
543 2419 768 2458 Roseherum,
800 2419 867 2450 lex.
895 2419 1007 2461 myth.
1032 2428 1044 2450 1
1070 2429 1102 2460 p.
1127 2419 1214 2450 2002
1302 2418 1363 2448 531
1391 2418 1511 2456 uictus,
1541 2420 1725 2459 propterea

181 2471 270 2512 *quia
294 2471 411 2502 uictus
436 2475 501 2510 est,
529 2470 724 2503 Nemeaeus
749 2474 803 2502 est
827 2471 932 2507 enim,
959 2470 1138 2512 spolioque
1163 2469 1208 2501 ad
1232 2469 1346 2501 sidera
1370 2469 1508 2507 ductus,
1534 2477 1564 2500 11
1589 2470 1631 2501 32

232 2522 295 2553 532
312 2521 424 2563 pellis,
453 2524 555 2562 δέροσ,
579 2526 699 2564 tergus
723 2522 817 2564 apud
841 2522 988 2554 Colchos
1009 2525 1164 2552 mactato
1185 2521 1379 2562 dereptum.
1428 2521 1533 2552 schol.
1557 2520 1719 2552 German.

187 2573 307 2614 Breys.
328 2584 361 2615 p.
378 2574 420 2605 80
436 2574 455 2605 6
471 2584 521 2615 sq.
540 2573 615 2605 idco
635 2584 710 2605 eum
724 2574 852 2614 pallere
869 2573 919 2604 ait
935 2573 1145 2614 Pherecydes
1161 2573 1250 2613 quod
1267 2572 1416 2612 deposito
1431 2572 1552 2604 uellere
1568 2582 1672 2603 aureo
1688 2572 1723 2603 in

187 2625 318 2656 caelum
333 2625 376 2656 sit
391 2630 554 2665 receptus,
572 2635 605 2666 p.
628 2625 690 2657 143
708 2626 747 2657 19
764 2635 814 2666 sq.
836 2625 995 2664 (Aeetae)
1011 2635 1109 2655 suam
1125 2634 1269 2655 auream
1282 2624 1415 2664 pellem,
1434 2628 1618 2664 antequam
1636 2623 1724 2655 inter

187 2681 284 2708 astra
305 2676 513 2717 procederet,
543 2677 746 2708 concessisse.
794 2677 898 2708 huius
926 2676 975 2707 rei
1002 2676 1169 2707 Manilius
1197 2686 1328 2706 memor
1352 2675 1422 2706 fuit
1446 2684 1471 2705 v
1495 2676 1536 2707 33
1559 2685 1617 2706 nec
1636 2675 1723 2715 pelle

186 2727 347 2759 immunis
362 2727 404 2759 ab
421 2727 508 2768 ipsa,
527 2738 596 2759 non
613 2728 696 2759 item
717 2736 727 2759 1
745 2729 820 2766 263,
833 2737 863 2759 11
879 2728 943 2759 212
1042 2727 1103 2758 533
1126 2729 1224 2765 parti
1239 2727 1367 2768 Fayus,
1386 2728 1501 2764 partis
1517 2725 1609 2764 libri,
1619 2726 1722 2766 serae

181 2779 298 2820 partis
312 2779 424 2810 multo
436 2779 551 2810 minus
563 2782 686 2820 argute
699 2779 889 2810 Bentleius.
939 2789 1032 2810 suae
1044 2778 1144 2819 parti
1155 2789 1219 2820 pro
1230 2778 1295 2816 sui,
1310 2782 1351 2809 ut
1363 2787 1403 2809 1V
1416 2779 1479 2809 884
1491 2788 1540 2819 sq.
1554 2782 1719 2809 nostrum-

187 2841 250 2871 que
261 2829 458 2873 parentem!
470 2841 572 2871 pars
593 2841 666 2862 sua
686 2830 924 2871 pers-pianum,
938 2830 1000 2864 297
1014 2830 1260 2870 concedantque
1280 2840 1373 2861 suas
1389 2834 1530 2870 partes
1551 2828 1720 2860 retinenti-

182 2882 246 2914 bus
275 2881 379 2914 astris
486 2885 627 2920 tergore
657 2884 750 2914 cedit
779 2881 827 2921 152,
861 2891 943 2921 ergo
973 2884 1107 2914 recedit
1139 2884 1233 2913 GLM.
1282 2880 1479 2913 Centaurus
1509 2880 1553 2912 ob
1583 2883 1720 2922 tergum
