1931 3202
202 141 226 179 6
796 138 858 180 Μ.
889 137 1140 180 MANILII

271 258 312 289 24
372 249 491 305 pacis
512 264 632 305 opus,
654 264 837 305 magnos
857 253 1043 291 naturae
1065 248 1215 290 condit
1235 249 1281 290 in
1303 263 1417 290 usus.

271 334 312 366 25
372 327 590 365 astrorum
613 323 791 378 quidam
814 323 962 364 uarias
984 323 1135 365 dixere
1157 323 1334 379 figuras,

372 398 584 453 signaque
605 397 764 438 diffuso
785 397 946 453 passim
969 397 1165 439 labentia
1185 397 1304 439 caelo

372 471 417 512 in
439 471 664 527 proprium
686 471 896 526 cuiusque
917 486 1056 527 genus
1077 485 1316 526 causasque
1337 470 1501 521 tulere;

373 545 528 587 Persea
549 549 594 586 et
614 545 925 586 Andromedan
947 559 1088 601 poena
1108 548 1381 601 matremque
1402 544 1622 586 dolentem

372 619 701 675 soluentemque
722 622 906 674 patrem,
925 623 1186 675 raptamque
1207 619 1410 675 Lycaone
1432 622 1596 668 natam,

200 734 279 773 post
298 732 336 766 17
353 734 498 773 propter
513 731 668 763 siderum
685 731 720 763 in
737 742 770 763 u.
793 733 833 763 14
854 731 1067 763 mentionem
1088 731 1173 764 ferri
1194 732 1328 774 nequit,
1348 732 1400 764 ita
1421 731 1485 764 hoc
1506 731 1582 763 loco
1603 731 1740 774 positus

199 783 331 825 optime
366 793 402 814 se
433 783 561 821 habet3
600 783 713 815 multa
743 783 836 814 enim
868 783 911 815 de
942 783 1096 815 siderum
1126 784 1163 815 in
1194 784 1277 815 anni
1313 783 1530 825 temporibus
1560 783 1742 825 signandis

201 834 358 866 utilitate
382 834 559 866 Hesiodus
586 835 622 866 in
647 836 758 875 ἔργοισ
781 835 965 877 praecipit,
993 838 1099 877 atque
1123 836 1198 866 eius
1224 835 1364 866 nomine
1391 835 1639 866 astronomiam
1666 835 1741 866 siue

199 885 424 927 astrologiam
448 886 608 918 extitisse
639 886 797 918 referunt
827 886 1032 918 Athenaeus
1059 895 1098 917 XI
1122 897 1156 928 p.
1184 887 1277 918 4910
1312 891 1348 918 et
1376 886 1512 918 Plinius
1542 886 1615 918 n.h.
1643 895 1741 918 XVIII

199 938 274 976 213,
306 937 409 979 quale
447 948 586 969 carmen
612 938 712 978 pacis
741 948 826 978 opus
856 949 930 970 esse
968 942 1005 970 et
1042 938 1272 970 Germanicus
1309 938 1434 980 phaen.
1469 939 1557 970 5-14
1593 940 1630 970 et
1667 938 1742 980 ipse

200 989 369 1021 Manilius
400 998 413 1020 1
446 990 485 1022 13
516 988 725 1021 confirmant
824 989 867 1021 24
897 990 1013 1021 omnia
1051 989 1167 1021 sidera
1204 990 1240 1021 in
1271 990 1429 1021 ordinem
1461 989 1590 1031 redigit
1620 992 1662 1021 ut
1693 989 1743 1021 eis

200 1040 320 1072 usibus
350 1041 546 1072 inseruiant
576 1051 663 1082 quos
698 1040 766 1072 sibi
803 1042 987 1083 proposuit
1022 1045 1161 1080 natura,
1195 1041 1260 1073 hoc
1297 1044 1350 1073 est
1381 1041 1456 1083 agri
1487 1041 1659 1080 culturae,
1692 1041 1743 1073 rei

201 1092 445 1134 amplissimae.
490 1092 591 1133 pacis
617 1103 702 1133 opus
728 1093 778 1124 sic
804 1103 867 1135 per
895 1093 1153 1135 appositionem
1180 1093 1387 1135 adiungitur
1414 1093 1450 1124 in
1477 1092 1579 1125 Ouid.
1608 1096 1690 1125 met.
1717 1101 1743 1124 v

202 1145 260 1175 111
279 1154 329 1185 sq.
353 1154 421 1176 ‘non
441 1144 500 1175 hos
519 1143 731 1176 adhibendus
754 1145 802 1176 ad
825 1155 916 1185 usne,
939 1144 943 1186 1
965 1145 1023 1176 sed
1045 1144 1115 1185 qui,
1133 1145 1235 1185 pacis
1258 1155 1352 1185 opus,
1375 1144 1547 1176 citharam
1569 1155 1644 1176 cum
1664 1154 1743 1176 uoce

199 1206 349 1227 moneres
441 1195 547 1226 25-38
578 1195 632 1228 his
657 1196 818 1228 uersibus
841 1200 982 1238 praeter
1005 1197 1157 1228 Aratum
1181 1196 1370 1238 significari
1392 1200 1542 1238 possunt
1564 1196 1596 1228 ei
1618 1199 1743 1238 poetae

200 1257 286 1288 quos
324 1251 571 1278 commemorat
609 1248 823 1289 epigramma
859 1248 896 1279 in
933 1248 1010 1280 uita
1048 1248 1144 1280 illius
1182 1253 1374 1287 seruatum,
1407 1248 1505 1280 πάνθ’
1539 1247 1744 1287 Ἡγησιάναξ

201 1311 235 1329 τε
259 1300 311 1329 καὶ
326 1297 517 1339 ’Ἑρμιπποσ
540 1301 580 1330 τὰ
604 1299 675 1330 κατ’
699 1302 811 1340 αἴθρην
831 1299 835 1340 l
856 1301 961 1341 τείρεα
985 1302 1038 1331 καὶ
1059 1301 1177 1331 πολλοὶ
1199 1301 1301 1331 ταῦτα
1321 1301 1362 1331 τὰ
1386 1301 1564 1339 φαινόμενα
1583 1299 1588 1340 Ι
1609 1301 1744 1340 βίβλοισ·

201 1351 423 1390 ἐγκατέθεντο,
457 1350 514 1382 uel
545 1350 604 1392 qui
636 1354 817 1392 praeterea
848 1352 884 1383 in
915 1351 1051 1393 Hygini
1081 1352 1325 1384 astronomicis
1357 1355 1394 1383 et
1424 1352 1460 1383 in
1491 1351 1744 1383 catasterismis

201 1401 478 1434 Eratosthenicis
495 1407 655 1434 auctores
671 1402 874 1442 laudantur,
889 1403 1068 1441 Musaeus,
1083 1403 1322 1444 Epimenides,
1338 1403 1540 1435 Alexander
1556 1403 1742 1445 Ephesius,

201 1452 420 1486 Cleostratus
464 1453 650 1493 Tenedius,
686 1454 756 1486 alii.
805 1455 867 1486 sed
898 1455 993 1497 quod
1028 1455 1201 1497 Scaligero
1235 1455 1490 1487 Eratosthenes
1521 1455 1743 1497 potissimum

202 1506 300 1547 tangi
331 1506 428 1537 uisus
459 1509 523 1543 est,
560 1506 662 1547 ‘qui'
700 1507 817 1548 inquit
858 1509 919 1538 ιτὰ
949 1509 1124 1546 φαινόμενα
1155 1517 1233 1538 cum
1268 1508 1399 1539 caussis
1430 1507 1502 1539 suis
1540 1510 1576 1538 et
1613 1506 1744 1539 fabulis

202 1557 434 1598 conseripsit,'
466 1558 674 1599 conscripsit
711 1569 794 1590 sane
829 1559 1082 1590 Eratosthenes
1115 1569 1155 1590 eo
1189 1562 1398 1600 argumento
1428 1560 1645 1599 καταλόγουσ,
1682 1558 1743 1590 sed

202 1618 305 1650 prosa
328 1609 497 1648 oratione,
524 1612 564 1640 ut
588 1609 668 1641 hinc
693 1609 799 1642 alieni
824 1610 917 1648 sint;
950 1621 1074 1652 neque,
1103 1611 1132 1642 si
1157 1611 1193 1642 in
1218 1610 1391 1651 Erigonae
1416 1614 1453 1642 et
1477 1610 1644 1642 Mercurii
1671 1621 1743 1642 car-

203 1659 356 1691 minibus
390 1660 433 1691 de
467 1663 643 1692 certorum
677 1662 896 1703 quorundam
929 1662 1083 1694 siderum
1118 1662 1231 1694 causis
1265 1662 1350 1704 egit,
1387 1662 1466 1694 ideo
1499 1673 1583 1704 prae
1617 1663 1744 1694 ceteris

203 1712 268 1743 hoc
287 1711 362 1743 loco
380 1712 638 1754 intellegendus
658 1718 713 1745 est
799 1713 842 1744 26
865 1714 998 1755 diffuso,
1022 1714 1157 1756 patulo,
1182 1714 1288 1745 Mart.
1314 1722 1360 1745 111
1381 1715 1420 1746 31
1445 1716 1460 1746 1
1486 1713 1603 1755 dzffusi
1623 1714 1744 1755 iuqera

203 1763 317 1804 campi
426 1763 467 1794 27
506 1775 638 1803 causas,
673 1774 686 1796 1
721 1766 784 1797 316
814 1765 924 1797 nixa.
946 1790 953 1797 .
975 1790 982 1798 .
1003 1767 1125 1807 species
1159 1765 1307 1806 yenib'ns,
1342 1765 1406 1797 sibi
1441 1767 1574 1798 conscia
1607 1776 1741 1804 causae,

203 1814 307 1847 Ouid.
327 1814 407 1847 fast.
428 1824 453 1846 V
469 1817 530 1850 697Ι
552 1818 559 1832 ‘
572 1816 626 1848 dic
639 1816 646 1830 ’
663 1827 720 1857 esto
736 1817 897 1857 respondi
919 1820 1080 1850 ‘causam
1100 1817 1186 1850 mihi
1205 1817 1328 1849 sideris
1347 1818 1465 1850 huius'
1554 1817 1596 1848 28
1619 1821 1745 1850 Persea

203 1866 368 1908 Scaliger,
387 1869 482 1898 Persi
501 1870 560 1905 GL,
579 1870 678 1900 Parsi
699 1871 744 1907 M,
764 1869 883 1901 Persei
903 1869 978 1901 cod.
999 1869 1107 1908 Flor.‚
1126 1869 1219 1911 quod
1238 1879 1317 1901 eum
1333 1876 1370 1901 et
1390 1869 1577 1902 absurdam
1599 1869 1745 1902 haberet

203 1919 415 1949 sententiam
431 1921 467 1950 et
484 1919 648 1950 uitiosam
665 1919 843 1951 elisionem
867 1931 937 1952 non
958 1922 1077 1963 potuit
1097 1932 1166 1953 non
1185 1922 1323 1963 placere
1344 1921 1472 1953 Iacobo
1488 1921 1741 1963 Bechertoque,

203 1980 350 2011 quorum
372 1970 463 2001 alter
484 1979 513 2001 11
535 1971 598 2003 286
620 1972 761 2003 dcaecera
782 1971 845 2003 eric
873 1972 987 2004 Tauro
1013 1973 1255 2014 Capricornus,
1279 1974 1369 2005 alter
1390 1982 1431 2004 IV
1453 1973 1515 2006 597
1540 1983 1679 2013 uespero
1702 1973 1745 2005 ab

202 2026 296 2052 astro
318 2021 466 2053 Manilio
487 2021 650 2061 adfinxit,
674 2033 753 2054 cum
774 2024 862 2055 scire
883 2027 1026 2066 possent
1048 2035 1126 2056 eum
1146 2036 1190 2056 ne
1213 2026 1249 2057 in
1274 2024 1426 2057 secunda
1447 2024 1588 2066 quidem
1610 2024 1746 2066 dactyli

204 2072 339 2113 syllaba
369 2072 489 2115 longas
516 2074 654 2106 uocales
677 2074 810 2106 elisisse
913 2081 942 2107 et
969 2076 1121 2108 secundo
1151 2077 1227 2108 loco
1253 2077 1408 2118 positum
1434 2076 1616 2118 coniungit
1642 2076 1746 2108 tulere

204 2134 237 2156 u.
268 2124 309 2158 27
337 2126 373 2155 et
399 2125 577 2156 uoluerunt
603 2136 636 2157 u.
667 2126 730 2158 36:
767 2127 865 2169 signa
890 2127 926 2158 in
952 2138 1072 2159 causas
1097 2138 1177 2160 suas
1203 2129 1317 2160 tulere
1344 2131 1380 2159 et
1405 2128 1595 2160 uoluerunt
1619 2127 1746 2159 Persea

204 2178 388 2217 ceteraque
404 2180 500 2208 astra
516 2187 558 2208 ex
575 2177 683 2209 uariis
699 2178 836 2210 casibus
852 2178 1043 2220 pendentia
1055 2190 1116 2221 per
1131 2180 1276 2211 aethera
1287 2179 1423 2212 reuolui
1510 2182 1748 2211 andromeden

204 2235 317 2264 poena
354 2226 547 2267 Bentleius‚
588 2232 824 2261 andromedae
861 2239 992 2269 poenas
1030 2230 1112 2262 libri
1153 2232 1415 2263 constructione
1451 2230 1639 2263 uerborum
1676 2241 1745 2263 non

205 2278 396 2316 intellecta,
415 2289 520 2320 quam
536 2290 579 2312 ne
596 2281 657 2322 qui
673 2281 781 2312 uerba
797 2282 873 2323 ipsa
888 2283 1050 2314 restituit
1068 2282 1209 2324 quidem
1230 2283 1418 2314 intellexit.
1467 2293 1548 2314 nam
1565 2282 1746 2314 Bentleius

205 2329 400 2361 ablatiuum
429 2341 508 2362 cum
535 2332 674 2364 ductam
700 2343 733 2364 u.
765 2334 803 2365 31
833 2334 940 2375 (quod
969 2337 1010 2365 ut
1034 2333 1109 2365 fieri
1135 2338 1267 2376 posset,
1292 2339 1433 2375 raptam
1456 2344 1488 2366 u.
1515 2334 1558 2366 29
1581 2334 1617 2365 in
1640 2339 1747 2374 raptu

206 2381 373 2420 mutauit)
390 2382 634 2424 coniungebat,
654 2387 695 2415 ut
713 2384 746 2415 hi
763 2388 943 2426 quattuor,
963 2385 1109 2417 Perseus
1125 2385 1351 2417 Andromeda
1371 2385 1552 2427 Cassiepia
1572 2385 1743 2427 Cepheus,

205 2442 316 2473 poena
342 2432 388 2464 ad
411 2433 525 2465 sidera
550 2434 647 2466 ducti
675 2435 888 2475 dicerentur,
918 2437 1011 2478 quod
1039 2437 1081 2468 de
1110 2436 1237 2469 Perseo
1260 2437 1363 2478 plane
1386 2437 1514 2469 falsum
1539 2440 1604 2475 est,
1633 2437 1747 2468 occisa

206 2482 366 2525 Gorgone
393 2485 527 2516 eaelum
554 2487 679 2518 merito
767 2487 809 2518 29
836 2489 1015 2520 soluentem
1042 2499 1121 2520 cum
1151 2488 1196 2520 ad
1221 2493 1362 2530 patrem
1391 2499 1511 2520 omnes
1541 2488 1747 2520 rettulerint

206 2544 307 2566 nemo
337 2535 451 2567 adhuc
482 2536 696 2578 explicauit;
735 2549 847 2581 neque
878 2539 969 2571 enim
997 2543 1060 2571 aut
1090 2539 1198 2571 filiam
1229 2541 1339 2582 ipsius
1370 2540 1465 2571 iussu
1496 2540 1652 2571 uinctam
1683 2542 1746 2571 aut

206 2596 335 2626 poenas
359 2587 433 2618 eius
460 2586 620 2629 Cepheus
647 2589 766 2629 soluit,
796 2601 907 2632 neque
935 2591 986 2622 ita
1013 2592 1050 2622 in
1076 2591 1171 2623 caelo
1195 2590 1367 2633 figuratus
1395 2594 1449 2622 est
1476 2594 1657 2632 tamquam
1683 2594 1748 2622 aut

208 2636 270 2668 has
293 2640 355 2669 aut
379 2638 476 2670 illam
499 2639 634 2671 soluere
658 2644 814 2674 conetur.
863 2642 1088 2684 quamobrem
1107 2646 1144 2674 et
1162 2642 1316 2684 Scaliger
1340 2643 1375 2674 in
1395 2642 1448 2674 ed.
1474 2644 1489 2674 1
1511 2646 1547 2674 et
1567 2642 1747 2674 Bentleius

207 2688 432 2730 solamemque.
463 2691 692 2732 scripserunt,
732 2693 826 2734 quod
864 2693 1061 2725 Gronouius
1099 2704 1118 2725 e
1155 2694 1231 2726 cod.
1275 2694 1412 2725 Veneto
1451 2694 1620 2725 enotauit.
1684 2693 1747 2725 sed

208 2739 386 2772 soluentem
413 2743 478 2772 ἀπὸ
504 2744 607 2773 κοινοῦ
637 2744 790 2784 positum
819 2745 863 2776 ad
895 2745 1023 2777 Persea
1050 2745 1213 2784 refertur,
1244 2756 1306 2786 que
1337 2745 1510 2787 particula
1539 2750 1683 2777 matrem
1710 2749 1747 2776 et

203 2795 340 2830 patrem
371 2792 563 2835 coniungit,
596 2795 734 2835 qualem
765 2796 951 2828 uerborum
982 2796 1140 2828 ordinem
1171 2797 1340 2828 exhibent
1370 2806 1384 2828 1
1421 2797 1495 2834 875,
1523 2805 1552 2828 11
1583 2797 1646 2829 325
1677 2806 1743 2837 sq.,

210 2850 254 2872 111
284 2843 345 2874 152
375 2853 441 2884 sq.,
475 2853 514 2875 IV
547 2846 619 2883 179,
654 2855 678 2877 v
707 2847 782 2885 479,
816 2848 879 2879 638
910 2858 960 2890 sq.
998 2848 1050 2879 hic
1082 2848 1233 2880 stadium
1254 2847 1433 2888 fraudare
1454 2847 1528 2889 fide
1555 2846 1747 2889 poteritque

209 2892 323 2925 uideri
344 2893 348 2934 Ι
367 2895 524 2928 mentitus
553 2907 687 2937 passus.
751 2897 898 2930 Perseus
932 2910 1001 2931 non
1036 2903 1176 2931 tantum
1210 2899 1460 2931 Andromedan
1494 2909 1605 2941 poena
1638 2898 1747 2930 soluit
