1931 3202
650 133 1135 178 ASTRONOMICON
1178 135 1228 178 II
1658 145 1712 182 57

340 245 473 300 inque
496 244 645 286 odium
666 249 847 301 generat
868 249 1023 302 partus
1045 250 1088 289 et
1110 251 1266 289 mutua
1287 248 1401 290 bella
1420 264 1426 299 ;

340 319 417 360 sed
437 319 695 375 plerumque
716 323 897 361 manent
919 320 1096 363 inimica
1118 322 1253 364 tertia
1275 337 1473 378 quaeque

339 393 446 449 lege,
467 393 514 434 in
534 396 839 435 transuersum
861 395 992 436 uultu
1013 395 1160 437 defixa
1181 397 1386 453 maligno,

340 466 553 522 quodque,
575 470 756 509 manent
778 483 1076 524 quaecumque
1098 469 1191 511 loco
1212 471 1432 512 contraria
1454 472 1579 528 signa

217 548 282 584 575
341 541 637 597 aduersosque
658 546 819 597 gerunt
841 543 957 584 inter
977 558 1021 584 se
1043 544 1232 599 septima
1253 545 1387 594 uisus,

339 615 474 657 tertia
494 630 693 671 quaeque
714 616 802 658 illis
824 617 1055 673 utriusque
1076 618 1253 674 trigona
1275 619 1503 670 feruntur:

165 781 318 814 dilatata
342 783 516 825 expositio
543 783 700 815 eiusdem
727 785 876 816 rationis
907 795 1011 826 quam
1036 784 1261 826 paucioribus
1287 785 1404 817 uerbis
1430 787 1713 828 comprehensam

163 833 235 865 iam
261 837 345 866 ante
375 834 582 876 accepimus,
611 836 702 876 quod
728 840 868 867 aeterna
895 840 1032 867 manent
1060 836 1234 868 hominum
1259 837 1343 868 bella
1369 842 1471 879 alque
1492 838 1655 879 ferarum
1685 846 1713 872 et

165 885 287 917 cedunt
297 886 453 926 pecudes.
502 886 558 918 his
574 887 685 928 igitur
701 887 737 918 in
754 887 959 919 uniuersum
975 888 1207 929 praemonitis
1223 887 1267 919 ad
1284 888 1422 930 singula
1439 889 1644 922 accedamus

207 936 272 968 570
301 937 367 969 hoc
397 937 507 970 dicit:
551 938 663 979 ‘quod
694 938 839 970 rationis
869 940 1083 971 mentionem
1113 939 1180 970 feci
1207 950 1239 970 u.
1272 941 1347 978 526,
1377 951 1447 972 non
1475 941 1547 973 sola
1577 943 1717 974 ratione

166 987 368 1020 efficiuntur
391 988 546 1021 siderum
569 990 663 1021 inter
686 1000 722 1021 se
746 990 953 1022 inimicitiae
979 992 1045 1029 (est
1062 990 1154 1022 enim
1177 990 1303 1032 aliquis
1320 992 1426 1023 etiam
1443 991 1583 1025 libidini
1604 993 1711 1032 locus,

166 1041 207 1071 ut
237 1050 296 1071 uu.
331 1041 395 1073 539
432 1051 484 1082 sq.
518 1040 705 1073 dicendum
738 1042 833 1080 erit),
874 1041 934 1073 sed
972 1042 1177 1084 plerumque
1215 1049 1334 1073 tamen
1372 1043 1543 1075 rationem
1581 1044 1714 1077 habent

166 1092 413 1133 geometricam
428 1103 437 1130 ;
461 1092 592 1134 quippe
608 1093 726 1124 tertiis
747 1093 925 1134 utrimque
941 1104 961 1124 a
977 1104 1013 1125 se
1030 1093 1138 1135 signis
1155 1098 1250 1125 astra
1267 1094 1409 1126 inimica
1427 1096 1536 1127 sunt.'
1581 1095 1626 1127 ab
1649 1097 1714 1129 hac

165 1142 301 1175 ratione
331 1143 433 1185 longe
463 1144 575 1175 maior
604 1154 685 1186 pars
716 1145 979 1176 inimicitiarum
1011 1155 1092 1176 mox
1122 1156 1179 1177 uu.
1215 1146 1366 1177 541-569
1396 1147 1712 1180 enumerandarum

165 1194 434 1236 explicationem
451 1195 580 1237 accipit
669 1195 730 1227 571
748 1199 896 1233 generat
915 1196 979 1227 cod
1002 1196 1111 1234 Flor.,
1130 1200 1275 1235 generet
1299 1200 1383 1228 GLM
1471 1200 1602 1237 be11a÷÷²
1621 1203 1714 1232 uene

163 1245 257 1278 libri.
307 1245 369 1279 Sil.
393 1255 435 1278 XI
465 1247 528 1279 348
554 1257 618 1288 pro
642 1247 727 1279 uelle
752 1251 846 1278 recte
873 1247 1041 1279 Heinsius
1067 1247 1164 1284 belm
1192 1248 1228 1279 in
1251 1248 1367 1280 Germ.
1395 1248 1519 1290 phaen.
1547 1251 1612 1281 544
1635 1261 1712 1283 con·

167 1297 310 1329 trariam
326 1298 559 1330 mutationem
571 1297 718 1330 adhibui
735 1298 916 1337 (Classical
933 1298 1078 1330 Review
1093 1299 1176 1331 1900
1192 1310 1225 1340 p.
1242 1299 1310 1338 33),
1326 1304 1354 1331 te
1371 1310 1511 1341 qnoque,
1522 1302 1713 1341 fecundam

165 1353 300 1380 meteret
323 1359 399 1381 cum
422 1349 608 1381 comminus
631 1350 781 1390 hydram
802 1349 806 1391 Ι
826 1349 976 1388 Alcides,
997 1360 1121 1382 ausum
1143 1360 1256 1382 morsu
1282 1351 1469 1391 concinnere
1492 1352 1594 1384 uelle
1619 1353 1716 1392 (bello

164 1399 260 1440 libri)
281 1400 285 1442 Ι
306 1400 416 1433 sidere
445 1401 601 1439 donauit,
637 1402 779 1440 Cancer,
813 1402 982 1433 Saturnia
1013 1402 1114 1440 Iuno,
1144 1401 1205 1433 ubi
1232 1402 1314 1434 bello
1344 1402 1453 1434 sidere
1484 1402 1568 1435 belli
1600 1405 1712 1436 critici

165 1452 392 1493 coniungunt.
441 1452 478 1484 in
507 1457 628 1484 mutua
658 1453 742 1484 uelle
773 1454 958 1494 quominus
990 1463 1053 1495 pro
1086 1452 1121 1484 in
1151 1458 1306 1485 mutuum
1336 1454 1544 1486 uoluntatem
1571 1456 1645 1487 siue
1676 1456 1712 1488 in

164 1503 356 1535 amicitiam
372 1503 498 1535 Latine
515 1503 585 1535 dici
601 1507 748 1546 putetur
764 1515 833 1535 non
851 1505 1042 1543 intercedo,
1062 1515 1142 1536 nam
1167 1504 1259 1546 quod
1284 1505 1504 1537 KVoelffiinus
1528 1507 1621 1538 arch.
1642 1507 1708 1539 lex.

164 1554 242 1587 Lat.
262 1564 308 1587 111
332 1566 364 1597 p.
386 1556 427 1588 78
451 1555 668 1587 infinitiuum
684 1555 768 1587 solis
788 1556 876 1587 inter
897 1563 932 1588 et
952 1561 1094 1596 praeter
1115 1556 1436 1598 praepositionibus
1456 1562 1538 1589 ante
1558 1559 1711 1590 medium

163 1606 356 1638 secundum
373 1607 550 1639 saeculum
566 1607 680 1639 subici
696 1607 892 1645 confirmat,
906 1618 1030 1649 nempe
1046 1608 1107 1649 qui
1123 1607 1313 1639 condendis
1330 1608 1451 1640 lexicis
1468 1609 1555 1640 dant
1571 1621 1711 1652 operam

163 1658 353 1700 scriptores
376 1658 522 1690 Latinos
546 1659 598 1690 ita
621 1658 735 1700 legere
759 1659 873 1691 solent
897 1663 938 1690 ut
961 1659 1068 1691 uerba
1092 1659 1251 1691 inuolent
1275 1663 1537 1702 asportentque,
1564 1661 1711 1694 formam

165 1709 306 1741 dicendi
335 1720 406 1742 non
436 1711 658 1752 percipiant3
689 1721 759 1752 quo
790 1711 924 1742 iactum
955 1714 1009 1742 est
1039 1714 1079 1742 ut
1111 1721 1224 1752 neque
1255 1711 1320 1742 hoc
1351 1722 1456 1743 uersu
1487 1713 1521 1743 in
1553 1713 1597 1744 ad
1629 1714 1711 1746 uelle

163 1761 342 1803 pertinere
358 1761 486 1793 debere
502 1761 561 1794 ille
577 1762 801 1803 intellegeret
818 1772 930 1804 neque
947 1762 983 1794 in
1000 1762 1095 1794 Pers.
1116 1771 1129 1793 1
1147 1763 1166 1794 9
1183 1773 1232 1804 sq.
1253 1763 1300 1794 acl
1324 1763 1484 1795 caniciem
1507 1769 1536 1795 ec
1559 1770 1711 1797 nostrum

163 1812 257 1845 istud
271 1813 388 1845 uiuere
404 1813 498 1846 triste
517 1813 523 1854 Ι
543 1813 665 1855 aspexi
688 1813 902 1845 infinitiuum
919 1825 938 1845 a
954 1813 1213 1855 praepositione
1231 1814 1407 1855 pendere;
1431 1815 1522 1846 sicut
1545 1816 1652 1847 etiam
1676 1817 1711 1848 in

165 1863 254 1896 thes.
274 1864 358 1907 ling.
380 1865 474 1904 Lat„
493 1876 572 1897 cum
587 1865 784 1897 Arnobium
801 1866 849 1897 αῑῖ
865 1876 943 1897 cum
961 1865 1138 1897 infinitiuo
1159 1866 1317 1907 posuisse
1333 1866 1509 1905 tradatur,
1529 1867 1572 1899 de
1593 1867 1712 1900 Persio

163 1915 345 1948 silentium
366 1921 430 1948 est.
479 1928 603 1948 uerum
628 1927 706 1949 eum
729 1920 806 1949 toto
823 1917 887 1948 hoc
909 1917 984 1949 loco
1006 1917 1049 1948 de
1073 1917 1156 1948 solis
1179 1917 1376 1949 inimicitiis
1399 1921 1524 1959 agatur
1547 1929 1711 1960 peruersa

164 1968 213 1999 sic
245 1967 396 2000 efficitur
425 1968 615 2007 sententia,
642 1979 747 2010 quam
774 1968 867 2010 quod
899 1969 1072 2010 corrigere
1097 1969 1164 2000 sibi
1191 1969 1288 2000 uisus
1316 1974 1370 2000 est
1401 1969 1603 2011 Postgatius
1629 1971 1707 2003 silu.

165 2019 262 2051 Man.
296 2030 329 2061 p,
363 2020 406 2052 ‘25
432 2025 554 2052 φητιειια
578 2020 664 2052 nolle
690 2020 886 2059 scribendo,
917 2031 956 2051 ea
982 2020 1091 2051 uerba
1121 2031 1205 2051 num
1237 2020 1483 2052 alienationem
1515 2022 1712 2063 significare

163 2071 300 2112 possint
322 2081 393 2102 non
415 2081 556 2112 quaero,
582 2076 676 2103 certe
699 2072 922 2102 inimicitiam
945 2082 1015 2102 non
1037 2071 1248 2113 significant,
1274 2071 1357 2103 licet
1383 2072 1476 2113 apud
1500 2072 1709 2115 Prosperum

164 2122 226 2164 qui
237 2122 352 2154 fertur
368 2123 507 2164 legatur
518 2133 594 2155 uoc.
609 2126 702 2165 gent.
718 2132 731 2154 1
744 2124 764 2155 3
775 2123 860 2164 quid
875 2128 921 2154 est
934 2122 1041 2154 odisse
1054 2123 1121 2154 nisi
1136 2123 1222 2154 nolle
1234 2123 1250 2154 .⁹
1337 2122 1401 2155 572
1416 2129 1553 2155 manent
1569 2125 1710 2156 inimica

163 2173 243 2214 Zeqe,
263 2182 293 2205 11
309 2175 371 2208 607
389 2174 530 2206 inimica
545 2180 632 2206 sorte
646 2174 815 2215 fer-mitur
902 2173 966 2205 574
989 2174 1189 2212 quodque÷÷,
1211 2183 1349 2212 quoque
1372 2174 1475 2207 libri:
1500 2176 1563 2208 528
1588 2180 1623 2208 et
1647 2178 1711 2209 654

165 2225 320 2266 quodque
336 2228 372 2264 G,
392 2236 522 2267 quoque
537 2229 595 2258 ΒΜ
684 2235 925 2264 quaecumque
957 2225 1031 2257 cod.
1053 2225 1161 2264 Flor.,
1181 2228 1392 2264 quicumque
1409 2229 1503 2258 GLM.
1553 2227 1617 2259 hac
1641 2239 1712 2260 una

164 2277 363 2309 mutatione
392 2277 552 2319 plerique
583 2277 726 2319 defungi
753 2288 789 2309 se
816 2287 916 2319 posse
946 2277 1191 2315 arbitrantur;
1231 2287 1273 2308 ex
1304 2277 1431 2319 quibus
1462 2278 1492 2309 si
1522 2279 1616 2310 unde
1646 2290 1710 2320 quo

165 2328 355 2360 relatiuum
378 2339 585 2371 suspensum
608 2329 656 2361 sit
679 2328 881 2370 quaesieris,
900 2332 962 2360 aut
985 2328 1172 2360 tacendum
1190 2329 1239 2359 eis
1259 2329 1328 2360 erit
1348 2332 1411 2360 aut
1429 2330 1711 2371 respondendum

164 2379 255 2412 hanc
278 2390 352 2412 esse
375 2381 544 2412 orationis
563 2380 722 2419 formam,
753 2383 838 2421 ‘quo
854 2380 923 2412 loco
943 2385 1086 2411 manent
1110 2390 1348 2421 quaecumque
1367 2381 1598 2421 (ἁτταδήποτε)
1618 2382 1712 2414 inter

165 2442 202 2463 se
224 2431 401 2463 contraria
423 2432 498 2463 siue
521 2432 672 2473 septima
695 2432 805 2473 signa,
825 2442 860 2463 eo
884 2432 954 2463 loco
978 2432 1086 2463 tertia
1111 2441 1268 2473 quaeque
1292 2431 1362 2463 illis
1385 2431 1548 2463 feruntur
1571 2434 1709 2475 trigona

167 2482 374 2524 utriusque,'
390 2488 432 2515 ut
456 2484 564 2515 tertia
586 2482 733 2514 eandem
756 2493 796 2514 ac
819 2483 969 2524 septima
990 2482 1107 2514 sedem
1131 2481 1289 2513 obtinere-
1313 2482 1487 2514 dicantur.
1537 2483 1601 2515 hoc
1625 2495 1710 2526 quos

166 2544 235 2565 non
251 2534 464 2575 praeteriret
479 2534 548 2566 duo
564 2535 705 2566 omnino
722 2533 866 2565 fuerunt
883 2533 1024 2564 Manilii
1037 2533 1200 2571 editores,
1217 2533 1410 2572 Bentleius‚
1425 2534 1518 2577 quod
1533 2542 1709 2576 expectes,

166 2589 214 2625 et,
247 2585 342 2627 quod
371 2586 509 2624 mirere,
543 2585 671 2627 Fayus.
721 2595 762 2616 ac
792 2585 975 2616 Bentleius
1006 2584 1147 2626 quidem
1180 2585 1229 2616 sic
1260 2585 1412 2616 orationi
1443 2587 1709 2628 sententiaeque

166 2636 344 2669 consuluit
359 2640 401 2668 ut
416 2636 533 2668 illinc
549 2648 582 2668 u.
603 2637 667 2670 576
683 2640 830 2678 poneret
846 2647 909 2677 pro
929 2636 1008 2674 illis,
1028 2646 1096 2677 quo
1116 2639 1257 2668 seruato
1274 2636 1391 2678 Fayus
1415 2637 1558 2678 scripsit
1577 2638 1709 2670 minore

167 2688 362 2720 mutatione
392 2698 570 2729 quaeque
602 2692 738 2720 manent
769 2698 1013 2728 quocumque
1045 2687 1124 2718 loco.
1182 2687 1243 2719 sed
1274 2691 1386 2719 restat
1418 2698 1480 2728 que
1511 2689 1711 2721 coniunctio

166 2750 201 2771 u.
227 2740 293 2774 574
313 2740 428 2781 posita
448 2750 615 2781 peruersa
638 2739 827 2777 sententia,
857 2739 984 2770 ‘tertia
1009 2738 1150 2770 inimica
1173 2743 1268 2777 sunt,
1295 2744 1323 2770 et
1348 2740 1533 2771 contrariis
1558 2740 1650 2771 inter
1674 2751 1711 2772 se

167 2791 277 2833 signis
307 2791 416 2822 tertia
450 2791 635 2832 utriusque
669 2791 807 2832 trigona
841 2790 948 2828 sunt,'
983 2789 1041 2821 ubi
1072 2790 1204 2831 requiri
1234 2794 1382 2832 apparet
1412 2801 1495 2822 nam
1525 2791 1582 2822 uel
1613 2792 1705 2832 quia.

167 2852 276 2884 quare
300 2853 392 2874 anno
419 2842 500 2874 1903
526 2852 655 2883 quoque
678 2842 714 2873 in
739 2842 864 2883 quippe
886 2841 1095 2873 mutandum
1117 2852 1190 2873 esse
1213 2842 1354 2880 conieci,
1380 2846 1421 2873 ut
1443 2842 1512 2874 loco
1534 2844 1708 2875 contraria

167 2893 290 2926 eodem
313 2893 415 2926 modo
437 2893 655 2935 acciperetur
675 2903 743 2935 quo
763 2902 793 2924 11
815 2893 877 2925 398
897 2893 966 2925 Ioco
989 2892 1151 2931 submota,
1172 2902 1201 2924 11
1218 2893 1282 2924 ‘214
1301 2896 1336 2925 et
1358 2901 1398 2924 IV
1414 2894 1478 2925 850
1494 2893 1609 2926 uicina
1626 2894 1705 2933 loco,
