1931 3202
616 125 1100 169 ASTRONOMICON
1141 126 1190 168 II
1596 131 1673 170 107

310 242 355 280 et
375 238 597 280 dominam
618 238 818 294 agnoscit
840 237 1054 287 Phoeben,
1076 238 1276 279 fraterna
1297 238 1517 280 uidentem

309 327 446 368 regna
465 327 543 368 per
563 311 771 353 aduersas
792 312 900 354 caeli
921 311 1141 367 fulgentia
1161 315 1310 367 partes

187 395 251 427 915
309 386 491 442 fataque
513 386 736 427 damnosis
756 386 1005 427 imitantem
1028 386 1190 427 finibus
1211 386 1308 428 oris.

310 460 412 502 huic
433 460 550 516 parti
572 460 666 501 Dea
686 474 845 501 nomen
867 460 952 501 erit
972 460 1172 501 Romana
1192 475 1269 515 per
1290 474 1377 509 ora,

311 535 495 576 Graecia
516 549 621 576 uoce
642 549 722 575 sua
743 533 925 575 titulum
946 533 1150 589 designat
1170 534 1367 576 eundem.

309 623 407 650 arce
429 608 504 650 sed
527 608 574 649 in
595 608 714 657 caeli,
737 622 824 663 qua
844 622 1016 649 summa
1036 608 1220 649 acclinia
1239 608 1371 649 finem

310 682 559 733 inueniunt,
579 697 666 738 qua
686 682 951 738 principium
973 681 1161 723 decliuia
1181 685 1374 731 sumunt,

186 765 251 797 920
308 757 587 812 culminaque
608 757 847 811 insurgunt
867 766 1043 798 occasus
1064 756 1181 797 inter
1201 760 1246 798 et
1266 759 1389 798 ortus

309 831 671 886 suspenduntque
692 844 771 871 suo
792 829 1004 871 libratum
1027 830 1228 871 examine
1250 829 1474 880 mundum,

308 905 474 946 adserit
494 905 608 946 hanc
630 904 854 959 Cytherea
874 903 957 945 sibi
979 919 1056 959 per
1077 903 1220 945 sidera
1241 904 1385 946 sedem

309 982 354 1020 et
374 979 499 1020 uelut
520 979 565 1019 in
587 978 699 1020 facie
720 978 872 1019 mundi
895 992 974 1019 sua
994 978 1177 1020 collocat
1197 992 1285 1027 ora,

134 1129 196 1171 qui
223 1140 302 1162 cum
328 1130 476 1162 Manilio
502 1134 668 1173 quartum
695 1131 866 1173 templum
892 1132 1012 1171 ’γονέων
1040 1141 1114 1162 esse
1145 1131 1282 1169 uolunt,
1310 1130 1456 1162 tertium
1487 1129 1676 1171 adsignant

136 1180 306 1221 ἀδελφοῖσ,
326 1182 425 1214 Paul.
444 1182 547 1214 Alex.
567 1183 595 1214 L
611 1183 643 1220 3,
662 1182 762 1214 Vett.
782 1182 861 1214 Val.
881 1193 914 1224 p.
937 1183 998 1217 179
1020 1183 1072 1220 15,
1094 1182 1201 1214 Firm.
1222 1191 1251 1214 11
1277 1184 1317 1214 14
1337 1182 1368 1221 3,
1390 1183 1429 1213 19
1448 1183 1478 1220 4,
1501 1182 1544 1213 20
1565 1181 1609 1220 Ως
1632 1181 1676 1212 de

135 1232 293 1265 fraterna
315 1237 434 1266 autem
460 1233 593 1265 Phoebi
617 1234 842 1276 Phoebesque
861 1234 1119 1265 necessitudine
1139 1234 1175 1265 in
1196 1234 1365 1275 proximis
1383 1232 1542 1265 uersibus
1563 1243 1675 1264 sermo

134 1288 190 1316 est
276 1284 341 1315 914
354 1286 521 1326 fraterna
538 1296 654 1326 regma,
673 1285 790 1317 sedem
806 1296 954 1317 nonam:
981 1285 1076 1318 Sext.
1097 1296 1185 1327 emp.
1207 1285 1256 1317 l.1.
1278 1287 1461 1325 διαμετροῦν
1472 1283 1517 1324 τῷ
1534 1282 1595 1324 θεῷ

179 1335 241 1366 915
264 1339 468 1369 imitantem
488 1339 549 1375 GL,
567 1340 765 1369 mutantem
781 1340 835 1369 M:
865 1336 968 1369 Ouid.
989 1340 1072 1368 met.
1092 1345 1143 1368 xv
1165 1337 1226 1368 199
1247 1347 1297 1378 sq.
1323 1346 1453 1368 annum
1469 1361 1476 1368 .
1499 1360 1506 1368 .
1527 1360 1534 1367 .
1555 1335 1676 1367 aetatis

130 1395 350 1431 perayentem
364 1390 561 1423 imitamina
576 1396 721 1423 nostrae.
770 1391 1013 1422 commentarii
1033 1391 1145 1422 instar
1161 1394 1244 1422 sunt
1260 1389 1367 1422 uerba
1383 1389 1485 1421 Pauli
1501 1389 1601 1421 Alex.
1621 1389 1639 1421 I
1655 1391 1676 1421 4

138 1443 263 1481 Σελήνη
280 1466 288 1474 .
309 1465 316 1474 .
338 1466 346 1474 .
366 1445 496 1481 αὔξησιν
520 1444 572 1473 καὶ
594 1444 723 1480 μείωσιν
744 1444 801 1473 τοῦ
822 1443 947 1473 παντὸσ
970 1443 1116 1480 ποιεῖται,
1138 1443 1190 1473 διὰ
1210 1444 1272 1480 τῆο·
1291 1443 1378 1473 ἰδίασ
1399 1443 1521 1473 εἰκόνοσ
1539 1442 1594 1472 τὸν
1612 1442 1675 1472 τῶν

137 1492 312 1534 ἀνθρώπων
327 1495 399 1535 βίον
419 1495 450 1525 ἐν
470 1492 637 1534 ἀνωμαλίᾳ
655 1495 848 1532 δεικνυμένη.
888 1494 975 1534 sata
991 1494 1100 1535 igitur
1117 1498 1200 1525 sunt
1216 1493 1429 1532 mortalium,
1447 1493 1581 1534 pariter
1597 1503 1675 1524 cum

134 1544 276 1576 domina
298 1555 418 1577 eorum
442 1545 541 1577 Luna
564 1545 701 1577 damnis
724 1545 885 1584 obnoxia,
912 1556 1016 1586 quam
1040 1555 1109 1576 non
1132 1545 1221 1576 nulli
1244 1544 1390 1576 eandem
1413 1555 1453 1576 ac
1475 1546 1580 1584 Τύχην
1602 1554 1676 1575 esse

135 1596 337 1636 credebant,
355 1596 456 1628 uelut
470 1597 642 1638 Aegyptii
661 1607 681 1628 a.
701 1596 881 1628 Macrobio
901 1596 972 1628 Sat.
996 1605 1009 1627 1
1033 1597 1072 1628 19
1097 1597 1134 1630 17
1157 1595 1427 1627 commemorati.
1476 1595 1562 1627 satis
1581 1598 1676 1626 recte

134 1647 328 1690 Pingraeus
347 1649 438 1690 ‘qui‚
457 1648 609 1690 perdant
629 1659 697 1690 peu
716 1649 736 1680 a
755 1659 824 1690 peu
845 1659 883 1679 sa
905 1648 1050 1679 lumiere
1067 1658 1144 1679 vers
1161 1648 1195 1679 la
1210 1647 1258 1678 fin
1274 1647 1317 1679 de
1337 1658 1375 1679 sa
1394 1646 1603 1685 revolution,
1622 1650 1676 1678 est

135 1710 203 1731 une
225 1700 339 1741 image
362 1700 424 1731 des
447 1699 604 1731 derniers
625 1700 761 1731 instans
782 1699 825 1731 de
844 1699 878 1731 la
894 1699 974 1737 vie,'
991 1700 1058 1731 etsi
1075 1710 1143 1730 non
1160 1698 1240 1730 finis
1255 1702 1397 1730 tantum
1414 1699 1510 1730 uitae
1526 1697 1674 1740 signific-

134 1754 226 1783 atur.
276 1751 368 1783 hunc
394 1762 536 1783 uersum
563 1751 716 1793 Scaliger
746 1762 815 1782 non
847 1751 1011 1792 explicat,
1038 1750 1128 1782 delet
1156 1750 1362 1788 Bentleius;
1399 1750 1486 1792 Fayi
1517 1749 1676 1782 Stoeberi

133 1802 253 1834 Iacobi
265 1802 416 1835 Breiteri
428 1802 659 1834 deliramenta
670 1814 740 1834 non
753 1802 884 1835 adfero.
925 1813 1135 1844 quamquam
1151 1802 1237 1833 alios
1250 1803 1357 1834 etiam
1369 1801 1507 1833 futuros
1520 1801 1677 1843 suspicor

133 1854 206 1896 qui,
225 1864 303 1888 eum
320 1863 366 1886 111
385 1855 445 1889 197
462 1854 617 1886 Phoeben
632 1854 822 1886 imitantem.
843 1854 976 1885 lumina
982 1853 1116 1894 fratris
1132 1853 1292 1894 legerint,
1311 1853 1386 1884 fata
1401 1863 1538 1894 quoque
1554 1852 1676 1884 fratris

135 1905 271 1938 Lunam
296 1905 433 1937 damnis
457 1906 530 1937 suis
556 1906 690 1937 imitari
716 1906 830 1937 uelint
853 1916 966 1947 neque
993 1908 1056 1936 aut
1079 1915 1099 1936 a
1122 1915 1176 1936 me
1200 1908 1262 1936 aut
1281 1916 1301 1936 a.
1321 1904 1481 1936 Bentleio
1502 1914 1539 1935 se
1559 1904 1676 1936 doceri

133 1957 316 1999 patiantur
346 1957 454 1989 solem
484 1968 553 1989 non
581 1957 780 1989 decrescere
867 1967 932 1998 pro
962 1956 1031 1988 oris
1059 1956 1330 1988 Bonincontrius
1361 1955 1460 1994 orbi&
1486 1955 1580 1997 quod
1607 1966 1676 1987 non

133 2008 355 2040 commendat
378 2008 481 2040 Pauli
505 2010 630 2040 εἰκόνοσ
717 2007 866 2038 918-958
895 2008 1142 2039 describuntur
1164 2011 1334 2048 quattuor
1357 2007 1564 2049 principalia
1586 2006 1672 2046 loca,

133 2061 170 2091 in
193 2059 320 2101 quibus
342 2060 450 2102 positi
473 2066 557 2092 sunt
579 2063 749 2101 quattuor
767 2059 890 2091 mundi
912 2059 1081 2091 cardines.
1131 2059 1297 2100 Scaligeri
1318 2069 1481 2097 errorem,
1501 2058 1585 2090 haec
1600 2058 1676 2089 loca

133 2122 214 2143 cum
229 2111 314 2153 ipsis
329 2111 532 2143 cardinibus
544 2111 804 2149 confundentis,
819 2111 978 2152 plerique
994 2121 1094 2142 suum
1111 2110 1225 2141 facere
1241 2110 1439 2141 maluerunt
1452 2120 1556 2151 quam
1569 2109 1677 2141 uerba.

134 2166 260 2204 poetae
282 2162 397 2204 legere
484 2162 634 2193 918-928
657 2163 753 2194 locus
772 2162 936 2194 decimus.
986 2162 1092 2193 Firm.
1114 2171 1143 2193 11
1166 2162 1205 2193 19
1231 2163 1267 2192 11
1291 2161 1439 2193 decimu-s
1461 2162 1551 2192 locus
1567 2185 1575 2193 .
1596 2185 1604 2192 .
1624 2185 1633 2193 .
1653 2171 1677 2192 a

133 2214 227 2246 nobi-s
255 2214 406 2246 medium
434 2215 566 2246 caelum
582 2239 589 2246 .
611 2238 618 2246 .
638 2239 646 2247 .
668 2214 866 2255 appellatur
882 2238 889 2245 .
911 2238 918 2246 .
941 2237 948 2245 .
968 2213 1005 2244 in
1035 2213 1149 2245 media
1180 2218 1280 2253 parte
1315 2213 1415 2244 totius
1447 2212 1567 2244 mundi
1601 2222 1674 2244 con-

132 2266 280 2304 stitutus,
304 2265 402 2298 Paul.
427 2266 529 2298 Alex.
553 2265 588 2298 N
615 2267 652 2297 τὸ
677 2267 711 2297 δὲ
737 2267 867 2296 δέκατον
893 2264 959 2296 ἀπὸ
986 2266 1170 2305 ὡροσκόπου
1200 2265 1343 2295 καλεῖται
1373 2265 1596 2304 μεσουράνημα
1623 2265 1676 2295 καὶ

134 2319 270 2358 διμοιρία
285 2319 349 2356 τῆσ·
365 2319 430 2349 ἄνω
444 2319 585 2358 μερίδοσ,
605 2316 700 2349 Sext.
721 2327 810 2358 emp.
833 2317 872 2348 13
892 2317 1118 2356 μεσουράνημα.
1139 2317 1172 2347 δὲ
1194 2318 1231 2346 τὸ
1251 2314 1307 2347 ἀπ’
1326 2317 1443 2346 ἐκείνου
1464 2316 1675 2355 (ὡροσκόπου)

134 2371 285 2410 τέταρτον
303 2369 451 2408 (scilicet
466 2369 496 2400 si
512 2380 532 2400 a
547 2369 648 2400 laeua
667 2368 920 2407 numeraueris)
939 2367 1048 2407 ζῴδιον
1065 2369 1122 2398 σὺν
1140 2367 1224 2406 αὐτῷ
1247 2368 1356 2406 ἐκείνῳ
1444 2366 1507 2396 918
1528 2368 1676 2398 accnuia

133 2420 209 2452 cod.
229 2420 338 2459 Flor.‚
357 2422 509 2452 decliuia
523 2423 608 2451 ΘΒΜ
695 2418 759 2450 920
782 2421 937 2450 culmma.
958 2419 1122 2459 Scaliger,
1146 2421 1297 2450 culmine
1318 2421 1377 2456 GL,
1397 2421 1453 2449 cul
1470 2420 1562 2449 muic
1583 2421 1617 2449 Μ

177 2474 273 2503 inter
295 2475 332 2503 et
354 2471 462 2510 GL²M‚
487 2475 524 2503 et
545 2473 640 2503 inter
665 2474 689 2502 L
776 2470 839 2501 921
873 2473 1045 2502 libratum
1069 2473 1114 2508 M,
1138 2472 1310 2501 librarum
1335 2472 1385 2501 GL
1472 2468 1535 2499 922
1557 2471 1676 2500 sedem

134 2522 209 2562 (ΗΡ,
222 2525 347 2555 sedent
361 2526 395 2554 M
411 2527 447 2554 et
462 2526 504 2554 ut
520 2522 662 2554 uidetur
676 2524 710 2554 Ι..
751 2521 924 2553 Venerem
940 2521 984 2552 ab
997 2521 1076 2552 aliis
1090 2520 1202 2559 (Paul.
1219 2520 1320 2552 Alex.
1336 2520 1363 2551 L
1374 2522 1405 2559 4,
1420 2519 1523 2551 Firm.
1541 2529 1571 2551 11
1586 2521 1625 2552 19
1641 2521 1674 2560 6)

135 2585 206 2606 non
225 2574 261 2605 in
283 2574 418 2606 decimo
434 2574 495 2606 sed
512 2574 548 2605 in
564 2573 688 2615 quinto
704 2573 836 2614 templo
850 2573 1002 2614 positam
1019 2583 1092 2604 esse
1108 2572 1184 2603 dixi
1203 2572 1247 2603 ad
1263 2582 1295 2604 u.
1317 2573 1382 2604 890
1465 2582 1530 2612 per
1545 2571 1672 2609 sidera,

134 2626 172 2657 in
202 2625 369 2667 signifero
401 2625 543 2664 circulo,
576 2629 618 2656 ut
647 2633 677 2656 11
710 2625 782 2662 162,
817 2626 903 2662 4883
941 2624 1022 2655 uide
1056 2624 1164 2655 etiam
1199 2623 1263 2655 359.
1296 2633 1362 2663 per
1390 2622 1488 2663 siqua
1519 2633 1675 2664 quaeque

134 2677 185 2709 ibi
214 2677 335 2708 adlata
365 2681 449 2708 sunt
544 2676 607 2707 923
634 2679 735 2707 uelut
765 2678 803 2707 ‘m
834 2675 999 2714 Huetius,
1034 2677 1148 2706 ueluti
1179 2674 1261 2706 libri
1358 2677 1447 2706 facie
1481 2673 1671 2713 Bentleius,

134 2730 263 2760 faciem
288 2728 370 2760 libri
458 2736 524 2760 sua.
550 2726 623 2766 (ΠΡ,
647 2729 703 2758 sui
728 2730 786 2758 ΒΜ
862 2726 995 2767 faciem
1016 2726 1137 2758 mundi
1159 2725 1203 2757 ad
1225 2725 1399 2757 Venerem
1419 2725 1570 2757 relatum
1594 2725 1675 2756 nolo

135 2779 322 2811 defendere
345 2779 556 2821 comparatis
580 2779 681 2810 Drac.
709 2777 804 2809 Med.
831 2778 894 2812 497
918 2788 937 2809 ο
962 2778 1085 2809 mundi
1102 2777 1216 2818 facies
1235 2777 1482 2818 pulcherrima,
1513 2776 1616 2808 Titan
1639 2779 1676 2808 et

134 2831 233 2863 anth.
253 2830 332 2863 Lat.
355 2830 450 2862 Ries.
471 2831 536 2862 389
560 2830 601 2862 43
623 2830 671 2861 sol
685 2829 800 2870 facies
823 2829 944 2861 mundi
966 2828 1116 2869 caelique
1140 2827 1283 2860 volubile
1306 2828 1477 2869 templum.
1526 2827 1615 2859 uelut
1639 2827 1675 2859 in

125 2882 225 2924 facie
247 2882 369 2914 mundi
391 2882 434 2914 de
456 2885 558 2924 parte
585 2881 778 2913 meridiana.
803 2881 936 2922 optime
963 2880 1032 2912 dici
1060 2879 1218 2912 ostendit
1241 2879 1354 2911 Varro
1381 2879 1447 2911 l.L.
1475 2888 1531 2911 vn
1557 2880 1576 2914 7
1604 2879 1675 2911 eius
