1931 3202
641 126 1125 171 ASTRONOMIOON
1166 127 1215 169 II
1674 132 1699 171 9

231 244 275 277 50
334 237 476 279 omnis
496 237 552 279 ad
572 251 769 279 accessus
791 238 1025 281 Heliconos
1046 238 1202 280 semita
1222 239 1331 280 trita
1352 242 1429 287 est,

334 313 378 353 et
398 311 486 352 iam
507 310 680 353 confusi
701 317 884 354 manant
905 312 958 354 de
980 312 1178 354 fontibus
1199 327 1348 355 amnes

333 399 412 426 nec
433 385 614 440 capiunt
634 386 843 428 haustum
864 387 1128 442 turbamque
1149 386 1205 428 ad
1225 389 1332 428 nota
1353 390 1563 428 ruentem.

331 458 507 514 integra
527 474 789 515 quaeramus
810 461 1001 502 rorantis
1022 463 1150 517 prata
1171 475 1248 517 per
1269 460 1425 502 herbas

332 533 583 589 undamque
605 534 786 576 occultis
808 535 1096 576 meditantem
1118 549 1317 576 murmur
1338 535 1384 576 in
1405 535 1546 576 antris

230 615 273 647 55
333 621 465 662 quam
486 622 627 663 neque
649 609 808 650 durato
828 609 1053 665 gustarint
1074 624 1147 650 ore
1169 609 1366 651 uolucres

331 680 424 736 ipse
444 695 523 723 nec
543 682 739 724 aetherio
760 682 961 724 Phoebus
982 683 1190 724 libauerit
1210 683 1313 739 igni.

331 758 482 796 nostra
502 755 669 811 loquar,
690 756 800 797 nulli
823 760 977 798 uatum
999 757 1253 798 debebimus
1275 772 1386 806 orsa,

331 843 411 871 nec
432 828 604 871 furtum
625 831 701 872 sed
722 845 831 886 opus
852 831 1012 879 ueniet,
1033 831 1210 886 soloque
1232 831 1431 873 uolamus

330 902 377 943 in
398 903 566 944 caelum
588 918 731 953 curru,
752 905 930 960 propria
952 908 1046 946 rate
1067 905 1271 961 pellimus
1292 905 1444 947 undas.

230 985 273 1018 60
331 991 521 1033 namque
542 993 696 1020 canam
717 979 854 1021 tacita
875 982 1059 1021 naturae
1081 982 1227 1021 mente
1249 982 1473 1035 potentem

330 1050 615 1107 infusumque
636 1052 766 1094 deum
788 1053 907 1095 caelo
927 1054 1144 1108 terrisque
1165 1053 1367 1109 fretoque

330 1125 556 1181 ingentem
577 1127 750 1182 aequali
771 1126 1068 1169 moderantem
1093 1127 1266 1169 foedere
1287 1128 1457 1176 molem,

329 1201 561 1256 totumque
582 1201 753 1242 alterno
774 1216 986 1243 consensu
1007 1202 1159 1243 uiuere
1181 1202 1395 1243 mundum

330 1277 375 1315 et
395 1274 581 1316 rationis
602 1275 674 1331 agi
695 1280 830 1324 motu,
852 1290 951 1317 cum
973 1275 1155 1331 spiritus
1176 1290 1290 1317 unus

229 1361 271 1393 65
329 1362 408 1404 per
428 1351 609 1391 cunctas
630 1349 802 1391 habitet
822 1352 971 1405 partes
992 1353 1125 1405 atque
1147 1350 1311 1405 inriget
1332 1350 1480 1391 orbem

330 1423 476 1465 omnia
498 1424 769 1479 peruolitans
790 1438 1032 1480 corpusque
1054 1424 1243 1466 animale
1264 1425 1436 1480 figuret.

331 1498 448 1553 quod
468 1498 553 1539 nisi
574 1498 773 1553 cognatis
794 1498 1000 1540 membris
1021 1502 1229 1541 contexta
1251 1502 1448 1541 maneret

329 1572 533 1614 machina
554 1575 598 1614 et
619 1572 811 1628 inposito
831 1576 1006 1628 pareret
1026 1576 1122 1615 tota
1143 1573 1355 1629 magistro

153 1704 356 1745 inferorum,
375 1705 451 1746 ipso
466 1704 606 1736 nomine
624 1704 669 1736 ad
688 1705 860 1737 Graecum
882 1705 1061 1747 exemplar
1081 1705 1205 1737 referri
1225 1705 1370 1737 uidetur
1457 1705 1500 1736 50
1522 1707 1698 1738 helicones

155 1756 239 1789 libri
326 1755 368 1788 52
391 1760 477 1789 nota
495 1759 556 1795 GL,
579 1760 666 1788 uota
685 1759 718 1788 Μ
808 1756 849 1787 54
872 1756 1027 1788 nondum
1050 1761 1339 1795 murmurantem,
1365 1757 1425 1788 sed
1447 1767 1563 1788 secum
1586 1758 1697 1799 ipsam

156 1807 388 1840 meditantem
418 1818 577 1840 murmur
592 1807 686 1849 quod
717 1808 830 1840 antris
861 1808 994 1840 relictis
1024 1808 1165 1840 editura
1195 1813 1249 1840 est
1337 1808 1378 1839 55
1409 1811 1591 1847 gustarint
1621 1808 1694 1847 GL‘2,

154 1862 349 1898 gustarunt
369 1862 427 1891 ΒΜ
516 1859 557 1890 56
578 1862 749 1891 libauerit
768 1859 869 1892 Voss.
898 1861 972 1898 390,
998 1862 1187 1892 librauerit
1210 1859 1282 1899 (ΠΡ,
1308 1862 1517 1892 liberauerit
1538 1863 1607 1892 LM.

198 1910 239 1942 57
263 1920 345 1943 orsa
369 1910 565 1950 Dulciuius,
592 1920 656 1943 ora
680 1911 773 1950 libri,
802 1911 896 1953 quod
921 1911 964 1943 ab
989 1911 1117 1943 Iacobo
1141 1911 1327 1943 reductum
1352 1911 1438 1943 haec
1464 1914 1560 1943 aetas
1586 1914 1695 1950 tenet,

155 1962 332 2004 gaudente
353 1963 448 2004 apud
471 1962 602 1994 inferos
626 1962 803 1995 Stoebero.
853 1973 933 1994 orsa
952 1973 1015 2005 pro
1035 1963 1169 2005 coeptis
1191 1962 1319 2002 uerbis,
1344 1973 1432 2004 quae
1453 1962 1568 1995 Seruii
1591 1964 1697 1995 inter-

155 2014 310 2056 pretatio
335 2018 401 2053 est,
430 2014 609 2056 Vergilius
635 2015 753 2056 posuit
780 2015 869 2046 Aen.
896 2023 952 2046 vn
974 2015 1048 2053 435,
1080 2023 1120 2045 XI
1146 2015 1219 2053 124,
1247 2017 1282 2045 et
1309 2019 1390 2056 post
1417 2025 1496 2046 eum
1523 2014 1602 2051 alii3
1635 2025 1697 2046 ora

155 2066 216 2107 qui
239 2065 359 2108 potuit
381 2065 488 2108 poni?
517 2076 599 2097 nam
629 2065 665 2097 in
692 2066 788 2097 Man.
820 2075 845 2097 v
871 2067 1013 2104 478-80,
1044 2065 1103 2097 ubi
1133 2066 1216 2097 libri
1246 2066 1303 2097 uel
1334 2066 1444 2107 magis
1474 2065 1623 2097 absurde
1655 2066 1697 2098 de

156 2117 413 2149 comoediarum
439 2127 479 2149 ac
505 2117 715 2159 praesertim
742 2117 931 2149 Menandri
961 2118 1148 2149 recitatore
1174 2127 1253 2149 uoce
1278 2117 1411 2158 poetis.
1434 2142 1440 2149 .
1463 2142 1469 2149 .
1489 2117 1610 2158 referet
1628 2142 1635 2149 .
1657 2143 1663 2149 .
1687 2142 1693 2148 .

156 2179 229 2201 ora
248 2168 252 2211 Ι
274 2173 303 2201 et
333 2179 397 2201 sua
424 2169 566 2201 dicendo
588 2169 711 2210 saciet,
741 2172 777 2201 et
808 2169 944 2202 Statius
975 2171 1011 2201 et
1038 2169 1215 2201 Ausonius
1246 2180 1325 2201 orsa
1356 2180 1391 2200 se
1420 2169 1542 2210 legisse
1573 2169 1698 2201 testari

155 2220 325 2252 uidentur
345 2231 423 2252 cum
449 2220 539 2252 alter
560 2221 637 2252 silu.
655 2229 685 2252 11
703 2222 719 2252 1
739 2222 811 2259 114,
831 2220 921 2252 alter
938 2221 1001 2252 322
1017 2222 1059 2253 46
1077 2220 1186 2262 (Peip.
1207 2231 1240 2262 p.
1260 2221 1351 2259 263),
1370 2221 1405 2252 in
1428 2231 1465 2252 re
1489 2220 1595 2252 simili
1618 2231 1698 2252 orsa

156 2271 349 2304 Menandri
369 2275 651 2304 commemorant.
700 2272 786 2303 item
810 2283 890 2304 orsa
912 2283 976 2313 pro
997 2283 1061 2304 ora
1077 2272 1244 2304 Heinsius
1267 2272 1428 2304 restituit
1443 2272 1480 2303 in
1495 2272 1574 2303 Val.
1595 2272 1622 2303 F
1625 2272 1647 2303 1.
1668 2281 1697 2304 11

156 2323 222 2355 242
237 2334 287 2365 sq.
307 2324 365 2356 sed
381 2323 441 2355 tibi
456 2334 543 2356 nunc
559 2334 646 2365 quae
666 2324 774 2364 eliqua
796 2323 862 2356 tuis
885 2324 1074 2364 ingyentibus
1094 2324 1185 2355 ausis
1206 2324 1209 2365 Ι
1231 2335 1310 2355 orsa
1324 2323 1456 2364 feram,
1474 2334 1537 2365 pro
1559 2334 1621 2356 ora
1640 2324 1697 2356 uel

156 2385 233 2408 ossa
255 2375 455 2417 Naugerius
478 2386 570 2408 cons.
592 2376 666 2407 Liu.
686 2376 751 2407 210
774 2375 889 2407 tristia
911 2386 987 2407 cum
1009 2376 1139 2407 medius
1161 2380 1331 2416 rumperet
1354 2386 1433 2407 orsa
1455 2375 1552 2407 dolor

200 2426 242 2458 59
264 2428 419 2459 ‘cadamus
440 2427 477 2459 in
498 2428 628 2460 caelum
649 2438 754 2459 currit
775 2438 854 2459 cum
877 2428 1010 2468 pariter
1030 2438 1070 2459 ac
1091 2432 1164 2459 rate
1184 2427 1343 2468 pellimus
1363 2428 1476 2459 undas
1498 2438 1560 2469 per
1583 2429 1694 2459 trans-

156 2479 323 2511 lationem
339 2479 473 2511 dictum
494 2490 569 2511 esse
590 2481 776 2521 appareret
800 2490 912 2520 neque
933 2480 1063 2511 caelum
1085 2490 1149 2520 pro
1173 2478 1346 2510 sideribus
1362 2489 1551 2520 eorumque
1566 2479 1696 2511 notitia

156 2530 269 2572 accipi
284 2541 396 2572 posse,
411 2531 592 2563 Bentleius
608 2541 768 2571 campum
783 2531 941 2562 coniecit.
991 2533 1029 2562 at
1044 2532 1170 2572 poetis,
1185 2531 1277 2562 sicut
1293 2539 1318 2561 V
1334 2531 1375 2562 99
1389 2530 1693 2572 Bellerophontae,

158 2582 293 2613 caelum
317 2593 459 2624 campus
485 2585 560 2614 est:
596 2582 700 2624 Prop.
728 2591 773 2613 ΙΙΙ
802 2583 815 2613 1
846 2583 928 2614 9-11
957 2592 1009 2614 me
1036 2582 1149 2614 Fama
1175 2582 1265 2613 leuat
1293 2587 1386 2613 terra
1413 2581 1564 2614 sublimis
1581 2606 1588 2614 .
1609 2607 1616 2614 .
1639 2606 1645 2613 .
1666 2587 1695 2614 eL

158 2643 286 2665 mecum
308 2633 346 2665 in
367 2644 473 2666 curru
494 2635 601 2673 parui
623 2638 802 2666 nectantur
817 2633 973 2672 Amores,
996 2634 1085 2666 Stat.
1107 2634 1185 2665 silu.
1206 2643 1235 2664 11
1253 2634 1271 2668 7
1290 2634 1350 2668 107
1367 2644 1417 2675 sq.
1437 2633 1603 2674 rapidum
1621 2634 1698 2674 poli

151 2694 219 2725 per
242 2695 342 2716 axem
361 2684 365 2726 Ι
386 2685 517 2717 Famae
542 2685 697 2717 curribus
721 2685 843 2716 ardui-5
865 2685 998 2716 leuatus
1084 2685 1126 2716 60
1153 2685 1237 2716 ordo
1261 2688 1314 2716 est
1337 2685 1438 2716 deum
1461 2685 1567 2716 tacita
1590 2690 1696 2716 mente

151 2740 323 2776 potentem
337 2741 483 2768 naturae
571 2736 613 2768 66
636 2736 726 2768 Plat.
748 2736 835 2768 Tim.
856 2736 898 2769 30
909 2746 930 2767 Β
954 2738 1003 2768 δεῖ
1016 2738 1122 2776 λέγειν
1139 2738 1230 2768 τόνδε
1246 2738 1301 2767 τὸν
1319 2737 1438 2774 κόσμον
1455 2735 1532 2776 ζῷον
1548 2737 1694 2776 ἔμψυχον

159 2789 266 2819 ἔννουν
281 2799 329 2826 τε,
348 2787 448 2829 Diog.
465 2787 582 2820 Laert.
596 2797 653 2819 VII
671 2788 732 2819 142
750 2789 797 2819 ὅτι
815 2812 822 2820 .
840 2812 847 2819 .
870 2812 877 2819 .
898 2786 975 2828 ζῷον
993 2789 1009 2819 ὁ
1026 2790 1149 2826 κόσμοσ
1166 2813 1172 2820 .
1195 2812 1201 2819 .
1224 2813 1230 2820 .
1252 2789 1447 2829 Χρύσιππόσ
1463 2793 1574 2827 φησιν,
1592 2798 1695 2830 quem

158 2849 235 2870 eam
251 2839 490 2880 quaestionem
512 2843 545 2871 ἐν
567 2838 612 2879 τῷ
633 2840 770 2879 πέμπτῳ
787 2841 859 2880 περὶ
883 2841 961 2871 θεῶν
987 2843 1159 2871 tractasse
1182 2842 1305 2871 auctor
1328 2842 1382 2871 est
1403 2839 1629 2871 Philodemus
1653 2839 1695 2871 de

157 2890 243 2932 piet.
263 2899 277 2921 1
295 2891 388 2923 14-5.
438 2890 498 2922 sed
515 2901 593 2923 cum
611 2901 673 2923 nec
690 2890 909 2933 Chrysippus
930 2902 993 2923 nec
1009 2891 1111 2923 Plato
1132 2902 1195 2923 nec
1211 2891 1371 2924 Platonis
1388 2891 1559 2932 interpres
1575 2890 1696 2923 Cicero
