1931 3202
605 121 1088 166 ASTRONOMICON
1129 121 1178 164 II
1641 127 1664 165 7

193 241 237 274 30
298 232 523 288 officioque
545 233 665 274 Iouis
687 232 974 288 Cynosuram,
996 233 1108 275 lacte
1131 232 1356 288 Capellam

296 310 340 349 et
361 306 483 349 furto
505 306 717 362 Cycnum,
737 307 903 363 pietate
923 307 980 349 ad
1001 307 1144 349 sidera
1164 306 1343 349 ductam

298 381 519 437 Erigonen
540 381 718 437 ictuque
742 382 912 437 Nepam
933 382 1158 437 spolioque
1180 381 1369 423 Leonem

297 459 342 497 et
362 469 510 497 morsu
532 455 763 504 Cancrum,
785 456 929 497 Pisces
951 455 1219 511 Cythereide
1240 470 1377 505 uersa,

298 529 564 585 Lanigerum
585 529 702 571 uicto
723 530 955 572 ducentem
977 529 1121 572 sidera
1140 533 1288 586 ponto,

195 612 238 644 35
297 606 527 659 ceteraque
548 618 604 645 ex
624 604 760 645 uariis
780 604 1019 660 pendentia
1039 604 1211 646 casibus
1231 606 1352 646 astra

295 678 476 719 aethera
495 692 572 734 per
592 692 812 719 summum
833 679 1072 720 uoluerunt
1092 679 1183 719 fixa
1202 678 1383 720 reuolui.

298 766 482 807 quorum
504 752 772 794 carminibus
793 753 904 793 nihil
925 756 992 794 est
1012 753 1097 794 nisi
1120 752 1272 794 fabula
1293 752 1460 794 caelum

297 829 502 882 terraque
523 827 767 882 composuit
788 827 1001 868 mundum
1024 842 1134 882 quae
1155 827 1319 883 pendet
1340 827 1395 868 ab
1416 827 1503 868 illo.

297 900 404 956 quin
426 901 559 942 etiam
581 901 693 942 ritus
713 905 940 957 pastorum
962 904 1006 943 et
1029 902 1148 943 Pana
1169 904 1399 943 sonantem

195 985 239 1017 40
296 975 343 1015 in
363 975 552 1017 calamos
573 975 722 1017 Sicula
741 979 956 1017 memorat
974 976 1131 1017 tellure
1153 978 1338 1025 creatus,

296 1064 375 1091 nec
396 1049 521 1090 siluis
542 1049 743 1091 siluestre
764 1050 884 1092 canit
903 1065 1066 1106 perque
1088 1050 1267 1091 horrida
1287 1053 1433 1091 motus

296 1138 401 1165 rura
421 1123 528 1165 serit
549 1123 688 1165 dulcis
709 1138 966 1179 musamque
987 1124 1158 1166 inducit
1179 1125 1225 1165 in
1246 1124 1379 1165 aulas.

125 1236 186 1268 sed
217 1236 338 1268 eadem
368 1247 472 1278 opera
498 1242 662 1278 parentes
689 1240 792 1268 natae
819 1237 930 1268 uicem
959 1237 1118 1268 dolentes
1145 1239 1182 1268 et
1211 1246 1343 1278 poenae
1373 1236 1562 1278 participes

169 1287 275 1318 30-33
297 1288 447 1320 ablatiui
471 1288 575 1329 officio
601 1289 683 1320 lacte
700 1288 803 1329 furto
826 1288 953 1329 pietate
983 1289 1050 1319 icta
1071 1288 1178 1328 spolio
1202 1298 1318 1320 morsu
1343 1287 1541 1329 Cythereide
1564 1298 1664 1319 uersa

125 1350 146 1371 a
167 1339 307 1372 ductam
330 1340 518 1382 participio
537 1339 693 1381 pendent
781 1339 821 1369 35
846 1343 964 1372 cetera
985 1339 1059 1379 Gli-2,
1083 1343 1219 1372 ceteras
1237 1342 1294 1371 ΒΜ
1383 1339 1423 1370 38
1446 1342 1616 1371 mundum
1627 1340 1661 1378 ἥ,

124 1394 262 1423 eaelum
291 1390 373 1423 libri
403 1402 421 1423 e
455 1391 676 1432 glossemate,
713 1391 807 1432 quod
841 1392 870 1422 si
904 1392 941 1422 in
976 1391 1039 1423 hoc
1074 1402 1178 1422 uersu
1209 1391 1384 1422 retinetur
1418 1391 1453 1422 in
1487 1391 1665 1432 superiore

124 1442 334 1474 mutandum
349 1438 417 1474 erit
433 1443 723 1485 scribendumque
739 1443 908 1481 mundum
932 1442 1121 1474 artificium
1139 1443 1231 1474 enim
1247 1443 1282 1474 in
1299 1443 1487 1475 iteratione
1503 1441 1665 1474 uocabuli

125 1497 274 1537 apparet
295 1494 444 1533 nullum,
469 1495 710 1536 neglegentiae
734 1505 818 1526 uero
839 1494 926 1526 talia
947 1494 1143 1526 adscribere
1162 1505 1232 1525 non
1253 1495 1348 1526 licet.
1398 1505 1502 1526 causa
1523 1505 1663 1536 corrup-

125 1545 217 1578 telae
233 1546 452 1588 intellegitur
474 1557 515 1578 ex
533 1556 546 1578 1
562 1547 626 1580 276
645 1547 736 1578 caelo
760 1546 834 1578 cod.
856 1545 935 1578 Cus.
959 1557 1022 1587 pro
1044 1546 1182 1585 mundo,
1201 1548 1266 1577 444
1285 1546 1370 1578 caeli
1390 1545 1426 1577 L'2
1447 1557 1510 1587 pro
1528 1546 1662 1584 mundi,

125 1597 189 1629 505
211 1598 301 1629 caelo
322 1601 348 1629 G
367 1608 432 1639 pro
454 1599 594 1636 mundo,
618 1607 648 1629 11
672 1599 733 1629 Sll
760 1598 890 1630 caelum
913 1598 987 1629 cod.
1014 1598 1092 1629 Par.
1116 1608 1179 1639 pro
1204 1598 1393 1636 mundaum
1417 1597 1507 1629 adde
1531 1597 1660 1630 C.G.L.

126 1657 167 1681 IV
193 1650 255 1682 120
280 1650 320 1680 41
351 1650 428 1689 (259
454 1650 507 1687 38,
535 1650 599 1681 539
629 1651 684 1688 46)
715 1650 863 1681 mundus
893 1650 1032 1681 caelum.
1083 1654 1239 1681 ceterum
1270 1649 1355 1681 haec
1384 1650 1506 1690 paucis
1537 1649 1661 1688 scribo,

124 1701 187 1742 qui
207 1712 248 1732 ea
270 1707 307 1732 et
329 1701 444 1743 legere
467 1705 504 1733 et
526 1701 722 1742 expendere
745 1701 881 1733 uelint:
906 1702 1017 1732 maior
1038 1701 1144 1732 turba
1168 1704 1222 1732 est
1243 1711 1362 1732 eorum
1385 1701 1444 1742 qui
1466 1711 1520 1732 me
1541 1700 1665 1732 docere

123 1753 242 1795 parati
262 1755 345 1785 sunt
366 1753 557 1784 Horatium
580 1753 739 1784 Postume
761 1752 928 1789 Poscmne,
957 1752 1077 1784 occidit
1099 1752 1219 1785 occidit
1240 1753 1444 1794 geminasse,
1469 1752 1664 1794 Vergilium

124 1810 181 1836 ter
201 1804 237 1835 in
258 1814 328 1835 uno
349 1804 522 1836 uersiculo
545 1804 692 1836 eandem
713 1815 833 1835 uocem
854 1804 1020 1846 posuisse,
1047 1814 1109 1842 me,
1135 1814 1198 1842 me,
1224 1804 1348 1835 adsum
1371 1803 1430 1844 qni
1443 1803 1528 1844 feci,
1554 1803 1591 1835 in
1613 1814 1664 1835 me

125 1855 464 1896 conuerliteferrum,
489 1856 676 1887 Manilium
693 1856 807 1897 ipsum
824 1864 853 1886 11
876 1856 938 1887 124
954 1866 1002 1897 sq.
1029 1856 1208 1897 scripsisse
1229 1855 1383 1896 caeloque
1400 1855 1529 1887 ueniret
1550 1854 1555 1895 l
1574 1856 1664 1895 quod

125 1911 224 1939 uocat
248 1907 285 1939 in
309 1908 440 1939 caelum
537 1907 579 1938 39
601 1910 694 1939 ritus
713 1911 897 1945 pastorum
918 1907 1112 1946 Bentleius,
1133 1910 1226 1939 ritus
1247 1915 1435 1945 pe*corum
1457 1908 1568 1945 (erasa
1587 1916 1604 1938 c
1623 1910 1664 1938 ut

125 1958 284 1998 uidetur)
310 1962 344 1998 L,
373 1968 538 1997 pecorum
563 1961 656 1990 ritus
682 1962 743 1990 GM
770 1959 874 1990 metri
901 1969 1016 1998 causa,
1046 1970 1150 2000 quam
1178 1959 1489 2000 transpositionem
1515 1969 1559 1989 ne
1585 1958 1663 2000 quis

126 2010 180 2042 bis
196 2010 326 2042 factam
341 2011 501 2050 miretur,
519 2011 608 2042 sciat
624 2011 732 2042 etiam
749 2010 876 2042 codicis
892 2011 1003 2042 Marc.
1022 2019 1079 2042 XII
1096 2011 1137 2043 69
1152 2010 1335 2041 librarium
1351 2009 1445 2051 quod
1462 2010 1497 2041 in
1513 2009 1662 2046 Cusano,

126 2061 318 2103 exemplari
353 2072 426 2101 suo,
463 2063 649 2094 inuenerat
682 2062 770 2094 ritus
802 2072 964 2103 pecorum
998 2062 1034 2093 in
1065 2072 1227 2102 pecorum
1260 2062 1348 2093 ritus
1381 2065 1546 2100 mutasse,
1584 2072 1663 2093 cum

123 2112 289 2145 Vossiani
319 2113 423 2145 aliam
450 2114 647 2155 corrigendi
677 2114 771 2145 uiam
799 2114 952 2151 inierint,
983 2113 1070 2145 ritus
1095 2123 1328 2154 pecorumque.
1377 2123 1542 2154 pecorum
1573 2113 1663 2144 ritus

125 2164 333 2196 Theocritus
355 2175 424 2196 non
451 2168 632 2204 memorat,
666 2176 778 2207 neque
808 2165 957 2196 bucolici
988 2166 1152 2196 carminis
1179 2165 1216 2196 id
1242 2167 1488 2205 argumentum
1511 2167 1574 2203 est,
1601 2164 1662 2196 sed

125 2217 215 2248 ritus
238 2221 433 2258 pastorum,
459 2227 624 2258 pecorum
646 2222 782 2259 pastus,
808 2217 873 2249 hoc
897 2220 950 2248 est
973 2227 1097 2258 pecora
1119 2216 1287 2258 pascendi
1311 2217 1425 2247 actio:
1454 2216 1551 2248 anth.
1581 2215 1658 2248 Lat.

126 2267 220 2300 Ries.
240 2269 304 2300 564
320 2270 340 2301 3
356 2279 406 2310 sq.
427 2268 470 2300 de
485 2269 643 2311 Vergilio
662 2269 721 2310 qui
739 2269 907 2310 pecudum
923 2274 1052 2309 pastu-3,
1076 2268 1136 2309 qui
1157 2268 1283 2300 cultum
1297 2267 1430 2308 fertilis
1445 2267 1535 2306 agyri,
1560 2266 1564 2308 ξ
1583 2278 1662 2299 mox

125 2319 360 2352 Anchisiadae
387 2320 473 2352 bella
502 2320 599 2352 ducis
629 2320 732 2352 cecini
833 2319 876 2350 40
906 2323 1047 2352 creatus
1077 2319 1160 2357 L2M,
1194 2322 1323 2351 creatis
1347 2322 1405 2351 GL.
1455 2319 1662 2351 Theocritus

123 2370 259 2403 Siculae
283 2371 413 2403 telluris
435 2372 594 2403 alumnus
616 2372 817 2414 appellatur
841 2371 917 2403 Ter.
942 2372 1055 2403 Maur.
1081 2371 1165 2405 2127
1253 2370 1295 2400 41
1319 2381 1376 2402 nec
1397 2370 1494 2402 siluis
1512 2370 1663 2402 siluestre

125 2422 227 2460 canit,
257 2426 294 2455 et
320 2423 418 2455 siluis
444 2434 513 2454 non
540 2423 702 2455 siluestre
728 2423 833 2455 canit.
882 2434 961 2454 raro
987 2433 1044 2454 nec
1072 2433 1112 2454 ea
1139 2423 1275 2454 ratione
1297 2423 1463 2464 positum,
1490 2432 1593 2463 quam
1617 2422 1662 2453 ad

125 2482 139 2505 1
160 2475 224 2506 656
244 2475 413 2515 exemplis
433 2474 623 2514 illustraui,
647 2485 667 2506 a
688 2474 857 2506 uocabulo
878 2474 922 2505 ad
943 2474 1036 2515 quod
1057 2475 1198 2515 negatio
1214 2474 1370 2516 pertinet
1386 2473 1569 2504 diuellitur
1581 2485 1590 2511 3
1612 2473 1661 2505 sic

124 2528 243 2557 tamen
263 2535 303 2557 1v
320 2527 382 2560 736
402 2536 469 2558 nec
493 2531 534 2565 te,
555 2526 700 2564 Bacche,
721 2526 820 2567 pari
843 2526 1024 2558 donantem
1047 2536 1183 2557 munere
1207 2531 1316 2557 cerras
1336 2536 1399 2566 pro
1420 2530 1450 2556 et
1473 2530 1502 2556 te
1525 2535 1661 2556 munere

125 2576 263 2617 dispari
280 2577 472 2616 donantem,
494 2577 597 2610 Ouid.
620 2588 661 2609 ex
681 2577 783 2609 Pont.
807 2586 848 2608 1v
867 2578 885 2611 7
902 2580 923 2608 4
942 2587 1008 2609 nec
1027 2587 1078 2608 me
1097 2576 1187 2608 testis
1206 2577 1272 2608 eris
1285 2577 1387 2617 falsa
1402 2577 1527 2608 solere
1550 2576 1657 2617 queri,

125 2628 252 2659 Auian.
279 2628 348 2660 fab.
378 2630 397 2661 6
425 2630 443 2663 7
472 2640 538 2661 nec
566 2640 598 2661 se
626 2629 759 2661 Paeoni
787 2630 891 2660 iactat
919 2629 1079 2660 cessisse
1107 2628 1281 2668 magyistro,
1311 2629 1347 2659 in
1375 2628 1552 2659 comoedia
1579 2628 1656 2660 Ter.

125 2678 264 2711 Phorm.
294 2681 356 2711 114
379 2690 480 2720 neque
503 2705 511 2712 .
532 2705 539 2712 .
561 2705 568 2712 .
596 2691 749 2722 aequom,
776 2681 811 2711 in
838 2691 942 2721 prosa
968 2680 1044 2711 Liu.
1072 2688 1182 2711 XXXII
1212 2680 1252 2712 10
1275 2680 1294 2712 6
1323 2689 1378 2711 nec
1402 2703 1409 2711 .
1431 2704 1438 2711 .
1460 2704 1466 2710 .
1494 2680 1536 2710 ab
1560 2679 1658 2711 ullis:

124 2729 228 2771 paulo
244 2730 360 2762 minus
376 2731 543 2763 audacter
563 2731 725 2763 Lucanus
747 2740 760 2762 1
783 2733 824 2766 72
843 2742 900 2763 nec
921 2742 954 2763 se
975 2731 1087 2763 Roma
1099 2732 1219 2772 ferens
1306 2735 1415 2762 motus
1436 2730 1515 2762 serit
1537 2730 1656 2770 dulcis,

125 2780 246 2813 dulces
261 2782 396 2823 spargit
410 2782 571 2814 adfectus
658 2782 700 2813 42
723 2786 824 2814 aulas
833 2783 867 2821 ἦ,
886 2791 994 2814 auras
1010 2782 1102 2821 libri,
1121 2793 1211 2814 arua
1232 2781 1306 2813 cod.
1327 2782 1418 2813 Flor.
1440 2785 1476 2813 et
1492 2781 1656 2824 Scaliger,

124 2832 237 2864 multo
253 2833 377 2865 melius
393 2833 575 2866 Bentleius
596 2839 722 2872 antra3
746 2845 826 2865 nam
848 2835 884 2865 in
905 2844 996 2865 arua
1016 2844 1151 2865 musam
1173 2834 1242 2865 iam
1261 2833 1437 2864 Hesiodus
1456 2832 1656 2871 induxerat,

123 2893 194 2925 qua
219 2894 304 2916 uoce
330 2886 488 2927 georgica
514 2884 714 2927 significant
740 2885 801 2927 qui
828 2895 868 2917 ea
890 2884 1057 2917 bucolicis
1081 2885 1257 2918 contraria
1278 2888 1425 2926 ponunt,
1452 2884 1549 2916 anth.
1578 2884 1655 2916 Lat.
