1931 3202
639 101 1126 145 ASTRONOMICON
1135 112 1141 118 ·
1168 101 1217 143 II
1645 105 1700 145 37

328 217 484 255 mubua
505 228 583 255 nec
604 228 765 269 magno
783 227 997 255 consensu
1018 212 1196 254 foedera
1217 217 1409 261 seruanb,

203 297 269 330 360
326 287 472 329 inuita
491 291 680 343 angusto
702 287 820 342 quod
841 287 958 329 linea
977 286 1174 329 flectitur
1194 287 1307 328 orbe.

326 376 442 411 nam,
460 376 559 403 cum
581 361 850 417 praeteriens
872 361 1092 403 formatur
1112 361 1287 417 singula
1309 361 1433 402 limes

325 435 470 477 sidera
490 438 535 477 et
555 435 726 477 alterno
747 435 996 477 deuertitur
1015 436 1206 491 angulus
1231 438 1350 477 astro

325 523 489 565 sexque
509 524 588 565 per
608 508 837 551 anfractus
858 513 1070 551 curuatur
1091 509 1267 565 uirgula
1288 509 1334 551 in
1362 509 1524 558 orbem,

323 598 350 625 a
372 584 516 625 Tauro
537 583 661 625 uenit
682 583 727 624 in
750 583 979 632 Cancrum,
1001 586 1097 625 tum
1120 583 1303 639 Virgine
1326 588 1445 625 tacta

200 667 264 700 365
324 657 536 713 Scorpion
557 658 817 713 ingreditur,
838 662 938 698 tum
960 660 1015 706 te,
1037 657 1314 713 Capricorne,
1334 658 1550 714 rigentem

323 735 367 774 eb
387 732 584 788 geminos
603 747 630 773 a
651 735 694 773 te
717 731 860 773 Pisces
881 746 1123 787 auersaque
1145 732 1280 773 Tauri

321 805 466 848 sidera
484 806 745 862 contingens
766 806 877 854 finit,
899 820 986 861 qua
1005 810 1218 862 coeperat,
1239 806 1399 848 orbem.

321 880 505 922 alterius
525 880 685 922 duobus
705 880 825 922 locus
847 883 913 922 est
934 895 1012 935 per
1031 880 1223 922 bransita
1243 880 1371 936 signa

321 958 458 1010 utque
480 969 531 996 ea
551 957 811 1011 praetereas,
835 969 946 1010 quae
972 959 1077 996 sunt,
1098 954 1218 1003 mihi,
1239 954 1424 1011 singula,
1447 956 1577 1005 dicta,

145 1113 186 1142 at
215 1112 324 1142 dubia
353 1110 547 1142 Bentleius.
607 1110 711 1142 deuia
741 1110 957 1142 adiectiuum
996 1120 1129 1148 sensuS‚
1171 1120 1233 1150 que
1264 1109 1545 1142 coniunctionem
1578 1111 1694 1142 oratio

145 1161 290 1203 respuit.
348 1161 476 1204 Porph.
497 1163 582 1204 isag.
602 1173 636 1204 p.
659 1163 720 1194 186
748 1162 764 1193 ὁ
791 1163 954 1200 ἑξάγωνοσ
981 1163 1215 1201 σχηματισμὸσ
1242 1163 1485 1202 ἁδρανέστεροσ,
1509 1160 1687 1194 C.C.A.G.

146 1221 160 1244 Ι
182 1223 216 1255 p.
239 1214 300 1245 156
323 1214 366 1246 28
389 1216 421 1245 αἱ
448 1214 602 1254 ἑξάγωνοι
629 1215 811 1254 δορυφορίαι
839 1214 1016 1251 ἀνειμένωσ·
1043 1215 1235 1253 ἐνεργοῦσιν,
1256 1213 1356 1246 Ceus.
1377 1213 1420 1245 de
1448 1213 1505 1245 die
1534 1216 1607 1244 nat.
1625 1214 1644 1244 8
1671 1215 1693 1244 4

147 1265 382 1307 (conspectus)
406 1265 593 1297 ualidiores
616 1265 690 1304 alii,
709 1264 915 1305 infirmiores
937 1265 1002 1296 alii
1025 1264 1201 1302 habentur,
1221 1265 1241 1297 6
1263 1265 1342 1304 (sol)
1367 1275 1442 1297 cum
1464 1265 1501 1297 in
1524 1264 1621 1296 tertio
1646 1270 1691 1296 est

144 1315 251 1357 siquo,
270 1316 330 1348 hoc
353 1322 399 1348 est
422 1327 489 1349 uno
512 1317 621 1348 medio
644 1316 853 1358 interposito,
877 1321 956 1348 tune
975 1315 1131 1357 primum
1155 1316 1251 1347 illum
1274 1316 1383 1348 locum
1406 1316 1496 1348 unde
1518 1316 1694 1357 profectus

145 1372 190 1400 esc
214 1367 330 1400 uidere
351 1368 490 1407 dicitur,
509 1368 567 1400 sed
587 1368 688 1400 ualde
712 1368 845 1409 obliquo
869 1373 898 1399 et
922 1367 1079 1399 inualido
1100 1367 1238 1406 tantine,
1260 1368 1299 1400 13
1322 1367 1407 1409 quia
1431 1367 1596 1409 Zanyuido
1618 1367 1692 1400 iam

143 1419 247 1452 radio
273 1419 451 1461 infirmum
480 1420 593 1452 lumen
621 1421 702 1451 κατὰ
733 1421 894 1460 ἑξάγωνον
925 1419 1095 1457 mittatur,
1121 1419 1228 1451 schol.
1248 1418 1365 1451 Germ.
1386 1419 1506 1461 Breys.
1527 1430 1560 1461 p.
1583 1420 1644 1452 199
1671 1421 1691 1452 5

143 1474 180 1504 et
203 1482 236 1513 p.
256 1471 321 1503 223
350 1472 390 1503 12
413 1476 522 1503 cetera
549 1471 714 1503 dissident
741 1471 794 1502 uel
821 1470 941 1502 leuiter
967 1470 1149 1512 aspiciunt,
1178 1475 1214 1502 ut
1241 1470 1380 1503 tertium
1406 1471 1572 1512 quodque,
1600 1471 1692 1512 quod

143 1522 272 1555 dicitur
294 1523 492 1563 heaeayonon
580 1522 644 1554 360
671 1525 794 1565 ‘parce
817 1533 885 1564 que
910 1522 943 1554 la
967 1522 1060 1564 ligne
1083 1523 1144 1564 qui
1167 1521 1279 1554 decrit
1303 1522 1509 1564 l’hexagone
1531 1533 1568 1554 se
1591 1524 1691 1564 prete

142 1585 276 1606 comme
307 1574 438 1616 malgre
461 1574 527 1606 elle
558 1574 578 1605 a
608 1585 644 1606 se
672 1573 830 1612 courber,
860 1575 961 1615 apres
988 1574 1123 1605 n'avoir
1150 1573 1325 1606 soutendu
1352 1573 1461 1615 qu'un
1490 1574 1582 1616 petit
1612 1574 1691 1606 arc'

143 1625 346 1669 Pingraeus.
395 1626 509 1658 inuita
527 1625 681 1667 flectitur
704 1636 794 1668 quae
819 1625 965 1666 angulos
989 1625 1077 1657 facit
1102 1625 1246 1657 obtusos
1335 1625 1396 1656 361
1421 1628 1642 1664 praeteriens
1653 1627 1687 1663 ἦ,

142 1680 329 1716 praedales
350 1681 420 1716 ΒΜ,
451 1686 514 1716 per
539 1680 633 1710 tales
660 1677 734 1716 GU,
764 1682 805 1709 ut
832 1677 998 1709 uideatur
1021 1677 1103 1708 olim
1128 1677 1235 1708 fuisse
1254 1677 1427 1718 praetales
1514 1680 1692 1710 formatur

143 1731 240 1769 (nam
269 1740 345 1762 cum
368 1730 549 1770 formatur
586 1729 665 1761 talis
698 1739 764 1770 per
801 1728 938 1769 sinffltla
975 1728 1083 1767 limes)
1124 1728 1269 1760 Ellisius
1306 1732 1399 1761 noct.
1434 1728 1530 1761 Man.
1564 1739 1598 1770 p.
1633 1730 1687 1768 46,

141 1784 342 1814 formantur
356 1781 450 1820 libri,
469 1787 510 1813 ut
526 1791 605 1812 mox
622 1781 686 1813 363
702 1785 896 1812 curuantur
910 1791 974 1822 pro
991 1785 1169 1818 curvatur,
1189 1781 1253 1815 377
1269 1784 1444 1821 uaqantur
1459 1790 1522 1822 pro
1538 1785 1691 1821 uagatur

140 1833 310 1875 plerique.
359 1843 428 1864 non
458 1832 597 1874 singula
626 1831 826 1864 formantur
857 1831 973 1864 sidera
1003 1831 1065 1863 sed
1097 1831 1245 1874 singulis
1277 1832 1481 1873 praeteritis
1512 1831 1688 1864 sideribus

141 1884 234 1917 linea
256 1884 451 1926 hexagoni:
475 1893 506 1915 Π
527 1884 591 1916 369
614 1888 714 1924 utque
739 1894 779 1915 ea
801 1888 1043 1924 praetereas
1070 1893 1156 1924 quae
1180 1888 1257 1915 sunt
1280 1882 1367 1915 mihi
1390 1882 1555 1923 sinyula
1579 1883 1684 1922 dicta,

141 1936 205 1970 376
232 1935 397 1977 sinyula
423 1935 569 1968 circuitu
594 1945 680 1974 quae
705 1940 839 1967 tantum
870 1939 1054 1966 transeat
1085 1939 1192 1967 astra.
1242 1934 1307 1967 hoc
1333 1934 1403 1966 diei
1428 1934 1554 1967 debere
1577 1936 1688 1968 sensit

140 1987 334 2026 Bentleius,
361 1987 423 2019 sed
446 1987 647 2019 coniectura
671 1986 744 2018 eius
771 1986 943 2028 Pingraeo
971 1990 1007 2018 eb
1034 1986 1207 2018 Becherto
1229 1985 1379 2028 probata
1399 1986 1591 2027 pertransit
1608 1987 1687 2027 sor-

139 2043 252 2071 matus
264 2039 411 2071 uerbum
423 2038 530 2070 habet
542 2049 605 2070 nec
618 2049 720 2070 sensu
733 2041 855 2079 aptum
869 2048 933 2070 nec
946 2037 1051 2069 Plinii
1063 2038 1278 2070 auctoritate
1291 2037 1378 2069 satis
1391 2037 1681 2070 commendatum.

140 2094 337 2123 ceterorum
353 2094 479 2122 conata
501 2089 627 2122 melius
643 2090 860 2121 omittuntur
949 2089 1012 2120 362
1035 2088 1234 2128 deneratam
1254 2089 1408 2131 hospitio
1426 2089 1600 2131 accipitur

184 2141 247 2173 363
264 2145 435 2174 curuatur
446 2140 521 2180 (ΞΠ-ζ
535 2145 732 2174 curuantur
742 2144 810 2172 ΒΜ.
860 2140 954 2172 idem
971 2144 1024 2172 est
1037 2140 1131 2182 quod
1147 2151 1180 2173 u.
1195 2141 1260 2173 360
1267 2140 1422 2182 flectitur
1509 2142 1544 2172 in
1559 2140 1683 2179 orbem,

140 2198 182 2226 ut
204 2193 273 2225 fine
295 2193 508 2235 principium
532 2196 678 2233 tangat:
707 2193 835 2224 iterum
860 2193 924 2226 367
949 2192 1062 2224 orbem
1084 2191 1128 2224 de
1152 2192 1323 2234 hexagoni
1348 2192 1509 2230 circuitu,
1537 2192 1598 2234 qui
1621 2192 1688 2227 370

140 2245 287 2277 circulus
303 2244 504 2287 appellatur
591 2244 652 2275 365
676 2247 754 2276 tum
770 2244 964 2282 Bendeius,
983 2243 1077 2285 quod
1098 2247 1180 2285 post
1202 2249 1273 2275 -tur
1294 2243 1465 2275 excidisse
1486 2243 1684 2285 putandum

139 2300 205 2335 est,
233 2305 302 2335 quo
328 2296 422 2335 libri,
451 2296 528 2328 dein
555 2306 751 2337 anonymus
778 2306 866 2327 saec.
894 2304 961 2327 XVI
988 2296 1024 2327 in
1056 2295 1170 2327 Ellisii
1197 2300 1290 2327 noct.
1311 2295 1408 2327 Man.
1432 2305 1465 2337 p.
1485 2295 1561 2334 212,
1588 2298 1686 2328 recta

139 2348 326 2387 sententia,
345 2348 495 2390 synizesi
518 2358 588 2379 non
604 2347 810 2379 Maniliana.
859 2346 905 2379 ad
928 2357 993 2387 quo
1017 2346 1173 2378 Huetius
1196 2357 1219 2378 a
1242 2346 1538 2389 praepositionem
1561 2346 1619 2378 uel
1640 2357 1684 2379 ex

140 2400 204 2433 364
227 2400 284 2431 uel
307 2410 350 2431 ex
365 2400 430 2432 366
451 2399 567 2431 audiri
588 2398 688 2431 uult:
713 2398 818 2440 paulo
841 2399 957 2430 minus
979 2398 1100 2430 insane
1122 2403 1211 2430 tacto
1232 2408 1275 2429 ex
1298 2402 1390 2430 tacta
1411 2398 1597 2439 repetisset

182 2453 358 2489 rigentem
380 2454 441 2490 GL,
463 2454 647 2488 regentem
670 2453 704 2481 M
727 2454 769 2481 ut
792 2459 806 2481 1
831 2451 906 2489 314,
925 2460 964 2481 ac
988 2449 1146 2492 uulgaris
1169 2450 1199 2481 is
1224 2460 1321 2481 error
1344 2453 1409 2488 est,
1434 2460 1477 2481 ne
1499 2450 1578 2491 quis
1601 2449 1685 2481 inde

139 2503 291 2535 coniciab
315 2513 389 2544 quo
413 2507 455 2541 te,
476 2502 696 2542 Capricome,
721 2501 877 2540 relicto,
903 2500 1069 2533 obstante
1090 2501 1197 2533 etiam
1219 2510 1250 2532 11
1266 2502 1329 2533 553
1350 2506 1380 2532 et
1397 2506 1436 2539 te,
1458 2500 1679 2541 Capricorne,

137 2553 302 2595 riyencem
388 2553 452 2585 366
481 2564 504 2585 a
530 2558 560 2585 te
590 2556 633 2585 ub
663 2562 677 2584 1
703 2553 768 2585 626
798 2552 866 2584 tuis
895 2552 937 2584 ab
968 2552 1074 2585 astris
1161 2561 1359 2591 auersaque
1388 2554 1486 2584 tauri
1513 2552 1680 2591 Huetius,

138 2608 360 2642 aduersaque
379 2608 485 2637 tauro
508 2604 601 2636 libri.
649 2604 803 2636 Taurum
825 2615 846 2635 a
869 2610 970 2646 nei-go
993 2604 1170 2646 contingit
1192 2603 1285 2635 linea
1306 2614 1326 2635 a
1342 2603 1500 2636 Piscibus
1523 2604 1678 2636 ueniens.

138 2656 288 2689 aduersa
314 2656 430 2688 Tauro
456 2659 540 2688 sunt
569 2656 686 2687 omnia.
709 2655 840 2688 zodiaci
867 2655 982 2687 sidera
1011 2660 1153 2697 praeter
1177 2655 1342 2687 Geminos
1373 2658 1410 2687 et
1436 2654 1609 2687 Cancrum

181 2707 244 2739 368
267 2710 349 2749 post
372 2707 436 2739 369
462 2707 611 2739 collocat
635 2710 661 2739 G
748 2706 810 2738 368
838 2709 988 2739 alterius
1013 2710 1059 2745 M,
1088 2709 1239 2739 alternis
1266 2709 1316 2739 GL
1403 2710 1457 2738 est
1483 2717 1680 2748 anonymus

139 2759 207 2791 ΕΠ.
221 2761 313 2791 nocta.
328 2759 426 2790 Man.
438 2769 471 2801 p.
485 2760 549 2791 212
566 2763 602 2791 et
619 2758 785 2800 Scaliger,
804 2761 841 2790 et
861 2758 943 2790 libri
1032 2757 1095 2789 369
1118 2763 1230 2799 utque,
1249 2760 1286 2790 et
1306 2758 1358 2790 ita
1381 2761 1605 2799 comparatus
1626 2762 1677 2790 ut.

139 2811 224 2843 ordo
240 2813 295 2842 est
311 2814 412 2851 utque
433 2821 484 2849 ea,
503 2820 590 2851 quae
611 2810 696 2842 mihi
719 2810 812 2842 dicta
835 2810 911 2842 siue
934 2814 1204 2842 commemorata
1225 2814 1302 2841 sunt
1319 2809 1487 2848 (Taurum
1508 2809 1681 2842 Cancrum

138 2861 323 2904 Virginem
345 2861 529 2904 Scorpium
552 2861 803 2904 Capricornum
827 2861 971 2901 Pisces),
997 2861 1132 2902 sinyula
1152 2866 1370 2902 praetereas:
1403 2861 1484 2893 uide
1508 2870 1537 2893 11
1561 2862 1624 2893 814
1647 2864 1685 2893 eb
