1931 3202
241 137 296 175 60
837 134 898 176 M.
932 134 1183 176 MANILII

413 245 458 286 in
481 243 650 286 Cancro
671 245 845 300 genitos
868 244 1125 301 Capricorni
1148 247 1314 288 semina
1336 247 1517 288 laedunt

413 322 458 361 et
479 318 636 360 Librae
658 322 814 374 partus
836 322 880 360 ct
901 333 1009 374 quos
1030 319 1107 360 dat
1130 320 1327 376 Virginis
1348 325 1515 363 astrum

413 393 575 448 quique
597 393 680 435 sub
701 393 845 434 auersi
867 397 1160 435 numerantur
1181 395 1321 436 sidere
1343 395 1487 437 Tauri.

289 476 354 508 550
414 467 619 523 Lanigeri
641 467 884 509 communis
901 468 985 509 erit
1007 467 1237 524 rabidique
1259 468 1416 511 Leonis

412 542 563 590 hostis,
585 544 628 582 et
650 556 676 582 a
696 541 882 583 totidem
904 541 1067 583 bellum
1090 543 1382 585 subscribitur
1403 544 1545 585 astris.

412 616 601 672 Erigone
624 615 930 671 Cancrumque
951 617 1080 658 timet
1101 617 1352 673 geminique
1374 618 1456 660 sub
1477 633 1579 660 arcu

413 689 624 731 Centauri
646 692 691 731 et
712 689 855 732 Pisces
877 695 921 732 et
942 693 997 739 te,
1020 690 1295 747 Capricorno,
1318 693 1545 749 rigentem.

237 892 301 921 hos
317 889 399 921 libri
488 888 532 920 de
553 888 780 920 Geminorum
802 887 963 920 hostibus
985 887 1059 920 dixi
1080 888 1125 920 ad
1147 889 1211 921 542
1298 889 1361 921 547
1385 889 1560 922 Cancrum
1577 889 1785 932 impugnant

238 941 406 973 contrarii
422 940 554 982 trigoni
570 940 668 982 signa
685 939 919 982 Capricornus
935 940 1072 972 Taurus
1091 940 1209 982 Virgo,
1229 940 1355 982 quibus
1376 951 1436 973 cur
1453 940 1560 973 Libra
1581 941 1725 972 accedat
1741 941 1786 973 ad

238 994 302 1025 545
329 991 524 1034 significaui
627 990 690 1022 549
716 993 836 1023 auersi
866 991 941 1023 cod.
972 991 1081 1030 Flon,
1110 995 1254 1024 aduersi
1284 995 1368 1024 GLM
1471 992 1534 1022 550
1560 995 1677 1024 rabidi
1707 992 1781 1024 cod.

237 1044 408 1082 cusanus,
434 1045 552 1082 rapidi
575 1046 659 1075 GLM
747 1042 809 1073 551
834 1046 871 1075 et
893 1051 916 1074 a
939 1042 1138 1075 Gronouius
1161 1043 1234 1075 obs.
1255 1052 1283 1075 11
1301 1054 1329 1075 c.
1350 1046 1383 1082 5,
1407 1046 1469 1075 sed
1492 1043 1585 1082 libri,
1608 1044 1703 1086 quod
1725 1045 1786 1086 qui

237 1096 466 1127 distinctione
490 1097 629 1126 mutata
653 1094 779 1133 (hostis.
829 1094 888 1126 secl
904 1119 911 1126 .
934 1119 941 1126 .
962 1118 969 1126 .
990 1094 1094 1126 astris
1115 1094 1119 1136 Ι
1139 1094 1312 1135 Eriqonae
1329 1106 1339 1128 .·
1357 1095 1608 1136 Cancrumque)
1633 1095 1789 1127 retinent

237 1146 386 1179 Iacobus
402 1150 439 1178 et
455 1146 649 1178 Bechertus
666 1156 728 1187 pro
749 1150 786 1177 at
807 1145 963 1187 accipere
979 1145 1147 1178 uidentur
1161 1159 1167 1178 :
1194 1146 1387 1188 simplicius
1404 1146 1521 1188 Fayus
1541 1146 1597 1178 ‘id
1613 1149 1668 1178 est
1683 1146 1784 1185 enim,

237 1198 340 1240 quia'
429 1198 551 1230 bellum
574 1197 795 1229 subscribitur
818 1197 940 1229 eadem
964 1198 1101 1229 ratione
1125 1208 1193 1239 qua
1217 1197 1332 1229 Plaut.
1359 1197 1464 1229 Poen.
1492 1199 1556 1230 800
1579 1198 1786 1230 subscribam

238 1249 368 1282 homiui
383 1249 509 1288 dicam,
528 1248 619 1280 Pliu.
639 1259 693 1290 ep.
714 1257 739 1279 v
757 1250 772 1280 1
791 1249 811 1280 6
827 1249 882 1280 ille
899 1259 975 1281 cum
991 1249 1107 1281 ceteris
1127 1249 1324 1290 subscripsit
1345 1249 1589 1282 centumuirale
1605 1249 1784 1289 iudicium,

237 1301 307 1334 dici
326 1312 427 1343 posse
448 1301 591 1332 minime
610 1300 745 1342 liquet:
770 1303 935 1342 expectes
958 1301 1040 1332 bello
1064 1300 1121 1332 uel
1143 1300 1237 1343 quod
1261 1301 1392 1332 leniore
1416 1302 1613 1333 mutatione
1637 1301 1787 1334 efficitur

236 1352 318 1396 (in)
333 1353 453 1385 bellum
543 1352 613 1384 Leo
629 1351 769 1383 eosdem
786 1355 892 1394 atque
908 1353 1010 1384 Aries
1027 1352 1145 1384 hostes
1162 1353 1280 1391 habet,
1298 1363 1361 1385 nec
1377 1352 1496 1394 plures
1512 1363 1574 1384 nec
1590 1354 1785 1395 pauciores,

238 1405 364 1437 Librae
387 1405 566 1446 trigonum
590 1415 668 1435 cum
686 1404 843 1445 Virgine,
863 1414 931 1446 qua
955 1403 998 1435 de
1022 1414 1058 1435 re
1082 1404 1215 1435 dictum
1241 1408 1295 1436 est
1316 1404 1361 1436 ad
1382 1406 1445 1436 542
1534 1404 1598 1435 552
1621 1413 1787 1437 cancrum

237 1456 430 1495 Bentkius,
449 1459 594 1487 taurum
611 1455 713 1487 libri:
739 1464 768 1486 11
785 1456 848 1487 65S
870 1455 1005 1487 Taurus
1028 1466 1194 1487 excusum
1219 1459 1273 1487 est
1296 1466 1359 1497 pro
1383 1456 1514 1488 Cancer
1534 1456 1570 1487 in
1590 1456 1644 1488 ed.
1662 1456 1786 1498 Regio-

237 1508 405 1540 montani.
456 1507 565 1548 Virgo
590 1518 610 1538 a
635 1506 848 1548 Capricorno
872 1507 927 1538 sui
952 1507 1082 1548 trigoni
1104 1508 1198 1538 socio
1220 1510 1338 1539 tamen
1360 1507 1404 1539 ob
1426 1507 1603 1539 diuersam
1624 1512 1785 1539 naturam

236 1560 466 1601 impugnatur
478 1570 511 1590 u.
526 1559 589 1590 553
603 1569 752 1600 eumque
764 1558 921 1590 uicissim
933 1559 1119 1600 impugnat
1131 1570 1165 1590 u.
1177 1559 1240 1591 563
1255 1571 1263 1597 ;
1287 1569 1357 1590 non
1370 1561 1501 1590 temere
1514 1569 1596 1600 ergo
1613 1559 1788 1591 credenda

237 1615 292 1643 est
316 1611 453 1643 hostem
478 1610 607 1642 habere
628 1610 794 1647 Taurum,
814 1610 971 1641 eiusdem
987 1610 1118 1652 trigoni
1134 1611 1294 1649 tertium,
1313 1611 1520 1652 praesertim
1542 1621 1621 1642 cuin
1645 1621 1702 1642 uu.
1723 1611 1786 1644 627

236 1673 286 1704 sq.
307 1663 399 1694 inter
415 1662 514 1703 signa
535 1672 624 1703 quae
645 1662 757 1693 amica
778 1666 873 1693 sorte
894 1661 1055 1693 ferantur
1078 1669 1396 1694 commemorentur
1417 1662 1502 1694 haec
1523 1662 1604 1701 duo,
1622 1662 1734 1704 Virgo
1751 1668 1785 1693 et

237 1715 394 1746 Taurus:
427 1713 601 1754 Virqineo-s·
618 1718 755 1754 partus,
780 1713 980 1755 quicumque
1004 1718 1164 1745 creantur
1189 1713 1318 1752 Tauro,
1344 1713 1517 1754 complecti
1539 1713 1692 1754 cupiunt,
1719 1714 1786 1745 etsi

235 1775 334 1807 saepe
351 1770 550 1807 queruntur.
600 1776 680 1796 nam
696 1776 786 1807 quae
803 1765 995 1806 Pingraeus
1011 1770 1193 1807 tamquam
1208 1765 1331 1797 similis
1352 1765 1612 1797 inconstantiae
1627 1765 1787 1807 exempla.

236 1817 417 1856 adscribit,
438 1816 579 1848 Libram
594 1816 775 1858 Scorpium
789 1827 821 1848 u.
836 1817 900 1848 502
913 1817 1029 1848 animo
1041 1817 1272 1858 complexam.
1286 1828 1319 1848 u.
1334 1817 1398 1849 559
1410 1816 1603 1859 fugantem,
1621 1816 1787 1848 Geminos

236 1869 391 1901 Piscium
408 1880 440 1901 u.
457 1869 521 1901 493
537 1870 720 1906 amatores,
741 1879 774 1900 u.
791 1869 854 1900 568
872 1868 1001 1906 hostes,
1021 1868 1057 1899 in
1073 1868 1123 1900 eis
1140 1868 1229 1900 nihil
1250 1878 1324 1899 esse
1341 1869 1595 1910 repugnantiae
1613 1868 1656 1900 ad
1673 1879 1705 1900 u.
1723 1869 1786 1901 485

236 1920 388 1959 ostendi,
407 1920 469 1951 ubi
492 1919 595 1951 docui
618 1920 780 1951 uersibus
802 1920 866 1952 493
889 1923 926 1951 et
950 1921 1015 1951 502
1038 1930 1107 1951 non
1131 1920 1324 1951 amicitiam
1347 1920 1537 1961 significari
1561 1919 1622 1951 sed
1645 1930 1718 1951 rem
1742 1919 1786 1951 ab

236 1972 394 2004 amicitia
410 1971 683 2003 diuersissimam
700 1982 864 2010 amorem,
883 1971 927 2003 de
943 1982 1012 2013 quo
1028 1971 1215 2013 astrologis
1228 1974 1264 2003 et
1278 1971 1424 2003 Manilio
1441 1971 1627 2003 conuenire
1644 1971 1787 2003 uidetur

237 2034 315 2055 cum
336 2023 523 2055 Francisco
544 2022 631 2054 duce
654 2022 697 2054 de
719 2022 1043 2055 Larochefoucauld
1061 2035 1068 2055 :
1092 2023 1122 2054 si
1137 2033 1180 2055 on
1190 2023 1274 2063 jusle
1290 2023 1331 2054 cle
1348 2023 1494 2054 l’amour
1504 2033 1577 2064 par
1592 2023 1627 2054 la
1642 2023 1785 2063 pluparc

237 2076 278 2107 de
302 2085 352 2107 ses
377 2075 475 2116 effets,
494 2074 521 2106 il
543 2074 716 2106 ress-emble
734 2075 815 2115 plus
838 2074 862 2106 a
885 2074 920 2105 la
944 2074 1045 2106 haine
1069 2074 1150 2115 qu’a
1172 2074 1324 2106 l'amitie.
1375 2074 1482 2106 Tauri
1505 2074 1540 2105 in
1565 2074 1679 2106 locum
1703 2079 1785 2116 apte

236 2127 393 2159 succedit
409 2126 577 2158 contrarii
593 2126 724 2168 trigoni
741 2126 878 2167 signum
895 2125 1028 2159 Cancer
1045 2137 1064 2157 a
1081 2126 1228 2168 Virgine
1244 2126 1473 2168 impugnatus
1489 2137 1522 2157 u.
1542 2127 1606 2158 548

280 2178 344 2209 552
356 2177 418 2208 553
434 2180 569 2216 gemini
579 2178 881 2219 Regiomontanus
897 2178 1096 2216 centaurst,
1110 2180 1291 2216 geminum
1303 2202 1310 2209 .
1326 2202 1333 2209 .
1349 2201 1356 2209 .
1371 2180 1580 2209 centaurum
1592 2177 1686 2208 libri.
1726 2177 1785 2209 cub

237 2240 321 2262 arcu
342 2240 406 2272 pro
423 2240 498 2262 cum
514 2239 599 2261 arcu
614 2229 672 2261 uel
692 2229 787 2271 quod
808 2240 842 2261 u.
859 2230 920 2260 241
944 2228 1095 2261 habetur
1111 2229 1148 2260 in
1164 2239 1248 2261 arcu
1269 2229 1424 2271 positum
1440 2240 1502 2261 cur
1523 2229 1690 2260 Latinum
1711 2239 1785 2260 esse

237 2281 376 2313 credam
393 2292 463 2313 non
479 2281 596 2320 uideo,
615 2281 719 2312 aliter
740 2281 833 2312 enim
850 2281 982 2312 dicitur
1002 2281 1060 2312 sub
1082 2291 1190 2319 onere,
1209 2280 1268 2312 sub
1284 2280 1413 2312 armis:
1438 2280 1504 2312 sub
1519 2291 1601 2312 arcu
1618 2279 1785 2312 Centauri

237 2332 401 2374 Scorpius
413 2336 478 2371 est,
491 2332 528 2364 in
540 2332 635 2365 cuius
646 2333 795 2364 caudam
807 2337 956 2364 contento
967 2332 1091 2373 derissz't
1104 2332 1173 2364 ictu
1186 2331 1190 2374 1
1202 2332 1330 2364 mixtus
1341 2342 1424 2373 equo
1437 2332 1606 2364 uolucrem
1619 2331 1785 2363 missurus

237 2384 374 2425 iamque
389 2384 552 2425 saqittam
568 2393 582 2416 1
598 2385 662 2417 269
679 2395 728 2426 sq.
777 2384 836 2416 sub
859 2394 954 2422 arcu,
973 2385 1029 2415 τὸν
1052 2385 1113 2416 ὑπὸ
1133 2386 1190 2416 τοῦ
1209 2386 1320 2423 τόξουε
1346 2384 1397 2415 ita
1418 2383 1519 2416 Ouid.
1540 2387 1621 2415 met.
1642 2392 1655 2414 1
1674 2384 1714 2415 19
1731 2393 1781 2425 sq.

234 2436 435 2477 picqnabant
453 2460 460 2467 .
481 2461 488 2468 .
510 2460 517 2468 .
538 2435 656 2468 mollia
684 2446 759 2468 cum
785 2435 895 2475 clm-is,
930 2435 1014 2467 sine
1042 2436 1219 2477 pondere
1251 2435 1412 2467 habentia
1434 2436 1582 2476 pondus,
1611 2436 1683 2466 τοΐσ
1710 2436 1785 2466 ἄνευ

237 2489 371 2528 βάρουσ,
391 2487 473 2520 Sall.
490 2486 567 2519 Cat.
587 2488 607 2519 3
623 2488 643 2518 2
660 2497 747 2528 quae
763 2487 827 2519 sibi
843 2487 983 2528 quisquc
991 2487 1121 2527 facilia
1134 2487 1239 2528 factu
1255 2491 1369 2527 micat,
1389 2497 1495 2527 aequo
1512 2486 1628 2518 animo
1644 2486 1782 2526 accipit,

236 2550 365 2580 supra
397 2549 443 2570 ea
474 2538 582 2571 ueluli
598 2538 687 2580 ficta
709 2550 777 2580 pro
795 2538 904 2580 fals-is
934 2538 1038 2577 ducit,
1069 2538 1149 2570 Tac.
1181 2538 1297 2570 Germ.
1322 2539 1363 2570 28
1388 2539 1409 2569 2
1436 2538 1542 2569 iuter
1571 2537 1783 2579 Hercyniam

236 2590 362 2622 siluam
385 2590 606 2631 Rhenumque
629 2595 659 2622 ec
683 2591 846 2622 Moenum
868 2600 983 2622 amnes
1007 2590 1171 2628 Heluetii,
1190 2589 1356 2622 ulteriora
1373 2589 1464 2628 Boii,
1484 2589 1620 2621 Gallica
1638 2593 1784 2630 utraque

236 2652 327 2682 qens,
360 2646 504 2681 tenuere,
530 2641 602 2674 Cic.
630 2645 718 2674 orat.
747 2643 767 2673 4
793 2652 861 2674 uon
892 2641 1043 2674 Homero
1074 2641 1137 2673 soli
1165 2642 1257 2673 locus
1287 2646 1332 2673 est
1349 2666 1356 2673 .
1379 2666 1386 2673 .
1408 2666 1415 2672 .
1435 2646 1496 2672 aut
1524 2640 1695 2679 Pindaro,
1726 2641 1783 2672 sed

237 2693 359 2725 borum
374 2694 427 2725 uel
442 2694 595 2726 secundis
610 2694 664 2726 uel
688 2693 803 2734 infra
827 2694 1031 2731 secundos,
1058 2693 1183 2735 phaen.
1199 2693 1261 2724 221
1279 2703 1329 2735 sq.
1350 2692 1406 2725 ille
1423 2717 1430 2724 .
1452 2717 1459 2724 .
1481 2718 1488 2724 .
1509 2697 1600 2724 ante
1623 2691 1780 2728 Canem,

239 2744 347 2776 Graio
379 2745 537 2786 Procyon
568 2745 628 2786 qui
656 2745 790 2777 nomine
811 2744 954 2785 sertum
992 2755 1135 2786 prorsus
1161 2744 1283 2776 eodem
1313 2744 1415 2776 modo
1446 2743 1646 2784 E'nqouasin
1676 2753 1740 2785 pro
1768 2743 1783 2774 ὀ

238 2799 271 2827 ἐν
305 2798 436 2836 γόνασιν
475 2801 512 2828 et
546 2796 716 2828 Manilius
746 2805 771 2827 v
801 2797 864 2829 646
902 2800 939 2828 et
976 2800 1059 2828 ante
1094 2807 1173 2828 eum
1205 2797 1274 2828 iam
1307 2795 1431 2828 Graeci
1461 2795 1640 2833 dixerunt,
1677 2795 1777 2826 Atat.

237 2847 361 2888 phaen.
397 2848 438 2879 65
468 2858 518 2889 sq.
554 2849 640 2879 ἀλλά
670 2860 723 2886 μιν
758 2850 866 2879 affirmo-
891 2849 896 2887 1
917 2846 1114 2888 Ἐ’γγόνασιν
1145 2849 1317 2879 καλέσω-ιε
1356 2847 1438 2879 uide
1472 2847 1579 2878 etiam
1613 2856 1702 2888 quae
1736 2845 1781 2877 ad

237 2909 272 2930 u.
286 2899 351 2931 269
371 2898 491 2931 adlata
513 2904 606 2931 sunt.
655 2899 776 2941 itaque
799 2899 983 2941 Virginem
1006 2899 1216 2941 impugnant
1239 2902 1379 2941 praeter
1402 2898 1554 2930 ferinum
1577 2897 1781 2940 Capricorni
