1931 3202
621 128 1105 172 ASTRONOMICON
1147 128 1196 169 Π
1630 128 1683 166 27

315 241 500 283 succidit
521 241 704 282 incuruo
725 240 907 282 claudus
928 241 1049 296 pede,
1070 240 1240 281 lumina
1262 239 1431 281 Cancro

189 323 256 356 ‘260
314 316 486 365 desunt,
508 313 730 357 Centauro
752 317 952 370 superest
973 317 1017 356 et
1040 314 1268 369 quaeritur
1289 327 1438 354 unum.

314 389 375 431 sic
395 392 568 430 nostros
589 403 714 430 casus
736 389 905 430 solatur
926 389 1117 430 mundus
1138 388 1183 429 in
1206 387 1338 429 astris

314 463 600 519 exemploque
622 462 748 504 (locet
768 463 989 518 patienter
1010 462 1171 504 damna
1192 461 1351 510 subire,

314 537 455 578 omnis
476 551 575 578 cum
597 537 716 578 caelo
737 536 944 578 fortunae
966 537 1158 592 pendeat
1178 536 1286 578 ordo

313 611 494 667 ipsaque
516 611 734 652 debilibus
755 610 1004 652 formentur
1025 610 1170 652 sidera
1192 609 1410 651 membris.

188 695 253 728 265
371 685 642 741 temporibus
664 700 836 740 quoque
859 687 964 726 sunt
985 685 1174 741 propriis
1194 684 1407 740 pollentia
1428 683 1578 739 signa:

313 763 457 801 aestas
478 774 503 801 a
526 759 735 809 Geminis,
755 762 998 800 autumnus
1019 759 1203 814 Virgine
1225 758 1381 814 surgit,

312 834 470 875 bruma
491 833 765 889 Sagittifero,
787 848 866 875 uer
888 833 1085 875 Piscibus
1107 832 1265 888 incipit
1286 847 1390 873 esse.

315 910 526 963 quattuor
546 908 592 948 in
614 907 754 963 partis
776 908 1032 949 scribuntur
1052 907 1197 948 sidera
1217 910 1369 957 terna3

316 982 500 1023 hiberna
521 982 713 1031 aestiuis,
735 982 939 1023 autumni
961 996 1097 1023 uerna
1118 986 1378 1037 repugnant.

140 1143 308 1178 nascetur,
327 1149 403 1171 cum
418 1139 486 1170 exit
575 1139 639 1170 259
662 1141 807 1171 incuruo
825 1139 1135 1181 Regiomontanus,
1153 1141 1192 1170 in
1207 1147 1316 1170 curuo
1332 1137 1414 1169 libri
1501 1139 1590 1175 pede
1606 1134 1685 1174 GU,

141 1199 205 1228 per
220 1193 263 1222 de
278 1193 336 1222 LM
424 1200 549 1223 cancro
565 1191 878 1232 Regiomontanus,
893 1193 1012 1222 cancri
1027 1190 1120 1228 libri,
1136 1201 1239 1232 quem
1256 1200 1384 1228 casum,
1405 1190 1573 1230 sequente
1589 1197 1688 1229 prae-

141 1241 262 1273 sertim
281 1242 451 1274 Centauro
467 1247 628 1283 superest,
646 1253 747 1274 nemo
764 1242 913 1274 Latinus
930 1242 1033 1274 facile
1049 1243 1230 1283 positurus
1246 1245 1333 1272 erat.
1382 1240 1488 1272 schol.
1503 1241 1604 1271 Arat.
1625 1239 1688 1271 893

143 1294 160 1325 ὀ
176 1295 339 1334 Καρκίνου·
356 1297 408 1325 ἐπὶ
429 1296 601 1334 πρόσωπόν
624 1298 712 1326 ἐστιν
734 1296 937 1334 ἐμπεπηγὼσ
955 1294 1001 1334 τῷ
1023 1293 1154 1334 οὐρανῷ,
1174 1303 1386 1335 quamquam
1408 1303 1477 1324 non
1498 1291 1605 1323 nullis
1627 1301 1689 1322 eae

143 1345 267 1377 stellae
293 1356 383 1387 quae
409 1346 511 1377 Asini
535 1345 703 1377 dicuntur
732 1348 876 1377 δοκοῦσιν
905 1348 1068 1385 ὀφθαλμοὶ
1098 1348 1177 1376 εἶναι
1209 1346 1381 1385 Καρκίνου,
1407 1348 1444 1375 et
1469 1343 1587 1375 oculos
1615 1342 1689 1374 eius

141 1400 391 1429 commemorat
417 1398 550 1429 Aratus
577 1398 640 1429 496
728 1397 793 1428 260
825 1397 1028 1439 Sagittario,
1060 1397 1158 1428 cuius
1185 1396 1327 1438 obliqua
1357 1396 1472 1437 imago
1503 1397 1569 1434 est,
1598 1394 1690 1425 alter

143 1451 304 1490 superest
319 1459 359 1480 ac
380 1449 524 1480 relictus
546 1452 601 1480 est
621 1449 755 1487 oculus,
774 1449 865 1480 alter
888 1459 957 1480 non
980 1451 1159 1490 comparet
1181 1450 1218 1479 et
1239 1447 1471 1479 desideratur.
1520 1447 1625 1478 unius
1647 1444 1690 1477 fit

143 1500 277 1532 mentio
298 1499 477 1532 C.C.A.G.
499 1509 523 1531 V
543 1501 553 1531 i
575 1510 609 1542 p.
630 1501 694 1533 208
715 1501 757 1532 25
781 1501 836 1531 τὸν
859 1501 1029 1540 ὀφθαλμὸν
1055 1502 1111 1531 τοῦ
1135 1501 1269 1538 'Pogon-ou
1357 1498 1420 1530 261
1444 1501 1584 1530 nostros
1608 1496 1686 1536 GL²‚

142 1555 264 1584 nostro
290 1554 348 1583 ΒΜ
436 1551 588 1582 265-269
619 1552 756 1583 aestiua
783 1556 867 1583 sunt
894 1551 1034 1583 Gemini
1061 1551 1194 1583 Cancer
1221 1551 1302 1590 Leo,
1333 1549 1552 1582 autumnalia
1578 1549 1690 1591 Virgo

143 1602 250 1635 Libra
266 1603 441 1644 Scorpius,
460 1603 607 1635 hiberna
629 1603 841 1645 Sagittarius
864 1603 1098 1645 Capricornus
1115 1603 1305 1644 Aquarius,
1324 1613 1434 1633 uerna
1456 1601 1573 1633 Pisces
1588 1600 1691 1632 Aries

141 1655 288 1686 Taurus.
338 1654 486 1686 aliorum
503 1655 759 1696 astrologorum
776 1655 1029 1686 dissensionem
1043 1655 1124 1686 uide
1141 1655 1177 1686 in
1193 1654 1414 1696 praefatione
1501 1652 1565 1683 268
1588 1656 1691 1684 terna

144 1707 272 1748 Fayus,
291 1709 409 1738 terrae
428 1706 511 1738 libri
599 1706 663 1737 269
686 1709 851 1738 autumni
861 1707 894 1745 5⁶,
913 1709 1095 1738 autumnis
1118 1709 1178 1737 GM
1203 1709 1239 1737 et
1262 1716 1349 1737 corr.
1371 1716 1413 1736 ex
1436 1708 1631 1736 autumnus
1653 1706 1686 1735 L.

140 1762 328 1790 autumnus
354 1757 571 1789 adiectiuum
598 1768 661 1799 pro
688 1758 897 1797 autumnali,
925 1763 1135 1800 usurpatum
1162 1768 1182 1789 a
1205 1758 1256 1789 rei
1283 1758 1435 1789 rusticae
1459 1756 1691 1797 scriptoribus

143 1809 278 1842 Catone
293 1813 329 1841 et
346 1808 538 1841 Columella
556 1820 745 1851 eorumque
767 1809 873 1841 simili
894 1809 1022 1848 Plinio,
1042 1813 1226 1851 poetarum
1242 1819 1344 1840 nemo
1368 1808 1524 1850 posuisse
1547 1807 1692 1839 uidetur

143 1860 299 1893 Ausonio
315 1861 494 1902 antiquior
514 1865 578 1892 aut
599 1871 639 1892 οο
661 1861 760 1893 cuius
783 1872 906 1893 uersus
930 1861 973 1892 de
996 1870 1036 1892 IV
1057 1860 1275 1902 temporibus
1299 1859 1474 1891 habentur
1490 1859 1588 1890 anth.
1608 1858 1686 1890 Lat.

144 1912 238 1944 Ries.
264 1913 339 1951 864,
365 1912 505 1944 P.L.M.
531 1912 656 1944 Baelir.
685 1922 708 1944 v
738 1923 771 1954 p.
797 1914 871 1946 379.
920 1924 1002 1944 nam
1029 1923 1133 1944 carm.
1162 1912 1205 1943 (le
1232 1922 1340 1944 mens.
1368 1911 1478 1950 (anth.
1506 1910 1584 1942 Lat.
1612 1911 1688 1949 665,

144 1963 284 1996 P.L.M.
313 1972 327 1995 Ι
354 1974 387 2006 p.
415 1964 493 2003 210)
524 1975 582 1995 uu.
610 1965 648 1998 17
684 1975 734 2006 sq.
766 1964 925 2005 temporis
959 1964 1117 1996 autumni
1151 1963 1208 2002 (al.
1249 1963 1455 2003 temporibus
1488 1961 1687 2001 autumnis),

143 2015 345 2056 September,
361 2015 478 2047 uincta
494 2015 638 2047 racemis
658 2015 662 2057 l
683 2016 804 2054 uelate,
819 2027 909 2058 quae
925 2016 1034 2047 uerba
1050 2026 1112 2047 1100
1129 2026 1269 2046 5011511111
1285 2014 1418 2046 habent
1433 2025 1497 2046 nec
1512 2018 1689 2046 construc-

145 2067 289 2106 tionem,
308 2067 461 2098 correxit
477 2066 671 2108 Hauptius,
690 2072 844 2108 tempora
863 2067 1031 2105 maturis;
1056 2067 1157 2108 graui
1179 2069 1297 2098 autem
1313 2076 1430 2097 errore
1450 2064 1689 2107 lexicographi

145 2129 285 2150 uersum
323 2118 429 2150 huius
462 2118 545 2149 libri
579 2119 643 2150 425
676 2119 853 2160 adlegant,
887 2119 948 2150 ubi
986 2123 1150 2150 aittumno
1188 2117 1330 2149 datiuus
1369 2121 1422 2148 est
1459 2116 1686 2148 substantiui.

146 2169 315 2208 autumni,
334 2171 405 2201 τοῖο·
421 2171 563 2210 ὀπώρασ,
582 2174 624 2201 ut
640 2170 723 2201 Luc.
744 2179 757 2201 1
774 2171 838 2202 446
860 2170 1009 2201 Taranis
1032 2169 1209 2210 Scythicae
1229 2180 1296 2201 non
1317 2168 1434 2200 mitior
1449 2179 1515 2200 ara
1537 2168 1687 2206 Dianae,

146 2221 255 2253 Mart.
275 2230 322 2253 111
342 2221 384 2253 36
405 2222 426 2253 5
442 2231 492 2262 sq.
512 2226 549 2252 ut
571 2221 608 2253 in
632 2221 804 2253 thermas.
827 2246 833 2253 .
855 2247 862 2253 .
883 2227 913 2253 te
936 2232 1061 2262 sequar
1075 2221 1269 2262 Agyrippae,
1292 2231 1367 2252 cum
1389 2221 1487 2251 Zauer
1510 2219 1581 2261 ipse
1606 2219 1687 2258 Titi,

146 2273 244 2304 anth.
259 2272 337 2304 Lat.
352 2272 446 2304 Ries.
463 2273 525 2304 163
544 2274 559 2304 l
582 2272 715 2304 conubii
739 2272 877 2313 bellique
901 2273 984 2304 deas
1004 2271 1182 2313 superauit
1199 2282 1365 2310 amorum,
1387 2271 1456 2304 Cic.
1473 2271 1573 2303 Tusc.
1588 2280 1613 2302 v
1628 2272 1690 2303 105

145 2324 237 2356 malo
267 2323 357 2355 enim
388 2324 598 2356 Graecorum
628 2335 729 2365 quam
770 2329 887 2356 nostra
916 2324 1094 2365 proferre3
1132 2324 1260 2365 quibus
1297 2324 1466 2365 exemplis
1503 2323 1690 2364 quominus

147 2375 301 2407 addatur
317 2375 402 2417 eleg.
423 2376 459 2407 in
477 2375 587 2408 Maec.
608 2384 621 2407 Ι
640 2376 701 2408 109
718 2375 849 2407 uiscera
865 2375 1000 2408 dissecti
1020 2380 1215 2407 mutauerat
1235 2374 1354 2406 arietis
1369 2374 1453 2414 aqui
1468 2374 1689 2414 (uisceribus)

145 2437 216 2458 non
237 2426 414 2459 Latinitas
437 2427 588 2468 impedit
610 2427 671 2458 sed
692 2428 879 2465 sententia,
899 2438 987 2468 quae
1009 2437 1097 2467 (cyno
1119 2427 1278 2468 requirit.
1326 2426 1443 2468 paullo
1464 2426 1579 2457 minus
1601 2425 1690 2457 dura

147 2481 231 2510 sunt
258 2488 348 2520 quae
373 2479 668 2520 praepositionem
694 2478 836 2517 habent,
856 2478 959 2520 Prop.
982 2488 1010 2510 ΙΙ
1032 2480 1051 2510 S
1072 2479 1114 2510 23
1137 2489 1199 2510 sua
1226 2488 1302 2510 cum
1326 2478 1470 2509 miserae
1489 2477 1689 2518 permiscuit

147 2540 222 2561 ossa
247 2529 395 2570 puellae,
413 2529 516 2562 Varr.
537 2530 559 2561 l.
574 2529 613 2562 L.
633 2539 705 2561 VIII
735 2531 778 2562 60
808 2535 845 2561 ut
876 2530 912 2561 in
949 2530 1000 2562 liis
1030 2529 1272 2570 sinqularibus,
1301 2529 1348 2561 sie
1379 2529 1416 2560 in
1445 2528 1685 2561 multitudinis.

148 2580 277 2612 similia
303 2580 348 2612 ad
376 2592 408 2613 u.
440 2581 503 2613 552
533 2581 725 2613 adferenda
756 2584 870 2613 erunt.
928 2582 989 2613 uix
1017 2582 1171 2613 sentitur
1197 2581 1290 2612 idem
1320 2580 1486 2622 loquendi
1516 2591 1626 2622 genus
1653 2581 1689 2612 in

149 2641 179 2663 11
195 2632 258 2666 537
274 2642 325 2674 sq.
345 2643 437 2670 nam,
457 2643 684 2673 quaecumque
705 2632 811 2664 nitent
835 2633 989 2664 humana
1010 2633 1148 2664 condita
1161 2632 1284 2673 forma
1304 2632 1308 2674 Ι
1330 2637 1437 2670 astra,
1461 2637 1598 2663 manent
1621 2632 1690 2664 illis

148 2682 291 2715 inimica
306 2687 335 2715 et
352 2683 444 2715 uicta
457 2684 622 2724 ferarum
710 2683 860 2715 270—432
882 2684 1071 2726 exponitur
1087 2684 1130 2715 de
1146 2684 1325 2725 signorum
1341 2694 1404 2725 per
1419 2684 1529 2714 lineas
1545 2683 1689 2715 formas-

148 2745 216 2776 que
249 2735 478 2776 geometricas
512 2735 767 2774 coniunctione,
802 2746 871 2777 qua
909 2736 1049 2777 trigona
1084 2738 1269 2777 tetragona
1303 2735 1484 2776 hexagona
1517 2735 1691 2766 diametra

149 2785 361 2825 efficiuntur,
379 2797 443 2818 nec
463 2797 532 2818 non
549 2786 592 2818 de
613 2787 722 2828 signis
743 2787 987 2819 inconiunctis.
1038 2787 1144 2818 Firm.
1165 2795 1194 2818 11
1210 2787 1253 2817 ‘22
1271 2788 1285 2817 1
1304 2786 1547 2818 instituendum
1562 2786 1688 2818 mathe-

149 2836 314 2869 maticum
339 2837 441 2869 etiam
465 2838 554 2869 illud
576 2838 612 2869 in
634 2837 762 2879 primis
788 2839 903 2870 docere
929 2838 1094 2877 debemus,
1118 2838 1203 2879 quid
1228 2838 1271 2869 sit
1298 2838 1504 2869 diametrum
1529 2837 1638 2877 (Man.
1659 2847 1689 2869 11

150 2888 326 2928 395-432)‚
345 2888 429 2930 quid
444 2889 616 2929 trislonum
632 2890 821 2929 (273-286)‚
841 2889 926 2931 quid
941 2890 1154 2930 quadratum
1171 2889 1359 2929 (287-296)‚
1378 2889 1462 2930 quid
1477 2889 1690 2930 hexaqovzum
