1931 3202
594 140 1079 185 ASTRONOMICON
1121 140 1170 182 II
1598 144 1651 183 67

160 259 241 296 619³
285 257 343 304 at,
364 269 462 296 cum
485 253 691 310 Lanigeri
711 257 865 310 partus
886 253 968 295 sub
990 255 1176 308 utroque
1198 251 1408 294 laborant

282 329 426 384 uique
446 331 667 384 ‘torquente
687 327 838 369 dolent
860 326 1099 369 cmnborum
1120 331 1322 382 astuque,
1343 326 1518 382 trigono
1571 325 1653 368 619b

161 411 226 444 620
284 417 373 444 non
393 402 557 458 parcit3
587 400 664 443 sed
684 416 785 443 rara
805 401 920 457 gerit
939 416 1018 457 pro
1039 403 1235 457 tempore
1256 400 1382 449 bella,

285 476 401 532 quod
420 475 576 518 feritas
599 475 828 531 utriusque
849 475 992 517 minas
1012 473 1298 531 praetendere
1319 474 1446 530 cogit.

286 550 404 607 [plus
425 554 574 592 tamen
595 550 642 591 in
663 549 827 606 duplici
849 549 1171 591 numerandum
1193 552 1260 591 est
1279 548 1448 591 roboris
1469 563 1573 598 esse,

285 625 355 668 0111
376 624 641 667 commixtus
662 624 792 666 homo
813 627 890 672 est,
912 638 1043 680 quam
1064 626 1120 672 te,
1141 622 1371 674 Nemeaee,
1391 623 1474 665 sub
1494 623 1612 678 uno]

114 753 232 775 sarum
258 742 441 775 notionum
469 741 601 774 eisdem
627 741 773 774 uocibus
800 741 1050 780 subiectarum,
1080 751 1169 783 quae
1196 752 1263 773 non
1291 741 1397 773 nimis
1420 751 1499 773 raro
1525 740 1658 772 inueni-

113 797 235 827 untur.
283 794 383 826 uelut
406 793 585 836 Vergilius
608 793 696 826 Aen.
722 802 778 825 VI1
801 794 843 825 63
867 804 985 825 nomen
1008 793 1160 834 posuisse
1183 803 1246 835 pro
1269 792 1477 834 imposuisse,
1501 801 1574 824 VIII
1597 793 1660 825 329

114 856 234 878 nomen
250 845 367 887 posuit
389 856 455 887 pro
477 844 632 887 deposuit
658 846 865 888 usurpauit;
889 844 1035 876 diuitias
1058 844 1192 876 uincere
1214 844 1296 877 Sall.
1316 843 1394 876 Cat.
1414 844 1456 876 20
1476 845 1514 876 12
1530 843 1661 876 dicitur

114 898 176 940 qui
206 907 264 929 eas
294 896 495 939 sumptibus
525 899 726 939 exsuperat,
755 896 964 929 diuitiarum
994 896 1104 928 uictor
1133 896 1210 938 Ing.
1238 896 1280 928 63
1306 896 1327 927 2
1354 896 1414 938 qui
1446 896 1661 933 contemnit3

115 948 245 981 Catull.
270 950 291 980 4
321 949 360 981 19
387 959 437 991 sq.
468 948 629 990 Iuppiter
658 949 822 980 secundus
852 947 1054 990 appellatur
1080 951 1209 979 uentus
1236 958 1393 989 sequens,
1419 946 1509 979 Stat.
1534 947 1622 979 Ach.
1651 956 1663 978 1

116 1002 158 1033 48
181 1011 231 1042 sq.
259 1000 398 1032 secundi
420 999 516 1032 Iouis
538 1000 679 1031 nomine
706 999 926 1041 significatur
953 998 1166 1041 Neptunus;
1201 999 1238 1030 in
1261 998 1364 1031 Ouid.
1392 1009 1498 1031 amor.
1527 1007 1556 1030 11
1582 999 1621 1030 13
1644 1000 1664 1030 4

116 1051 210 1084 cadit
224 1051 281 1083 ira
292 1057 394 1090 metu,
410 1051 447 1084 id
459 1055 514 1083 est
530 1051 644 1083 minor
660 1050 701 1083 fit
717 1054 823 1093 atque
839 1061 913 1082 esse
930 1050 1072 1090 desinit,
1092 1054 1215 1082 contra
1232 1050 1333 1093 Prop.
1350 1059 1379 1082 11
1398 1051 1437 1082 16
1453 1050 1495 1082 52
1501 1050 1666 1091 fulminis

117 1103 174 1135 ira
198 1103 292 1136 cadit
319 1103 440 1135 eadem
468 1103 604 1135 ratione
631 1113 701 1145 qua
728 1102 806 1135 qu.
831 1111 903 1134 XIII
930 1102 995 1135 226
1022 1102 1134 1134 iratus
1161 1102 1254 1134 cadit
1281 1102 1317 1134 in
1341 1107 1451 1133 terras
1468 1126 1476 1134 .
1496 1127 1504 1134 .
1526 1127 1532 1133 .
1553 1101 1664 1141 iynis;

122 1154 248 1187 Teucer
269 1154 356 1187 Hor.
376 1165 482 1186 carm.
502 1163 515 1186 I
533 1155 551 1189 7
567 1155 608 1186 21
627 1165 677 1196 sq.
698 1154 882 1187 Salamina
899 1179 906 1186 .
928 1179 935 1186 .
956 1179 963 1186 .
984 1154 1206 1194 cumfuyeret
1225 1153 1306 1185 inde
1328 1153 1497 1195 profugus
1518 1152 1608 1184 abiit
1628 1153 1664 1184 in

118 1206 274 1245 exilium,
296 1209 333 1238 at
355 1206 417 1248 qui
441 1206 545 1238 Ouid.
572 1216 614 1237 ex
639 1205 742 1238 Pont.
766 1214 779 1237 1
803 1207 823 1238 3
847 1207 886 1240 71
914 1205 1033 1247 pulsus
1058 1205 1232 1238 Aristides
1256 1205 1378 1246 patria
1406 1205 1665 1237 Lacedaemona

109 1258 207 1299 fuqit
234 1268 275 1290 eo
298 1268 334 1290 se
358 1257 511 1290 contulit
534 1257 652 1299 ibique
676 1257 878 1300 perfugium
906 1256 1033 1289 habuit
1120 1256 1184 1287 619
1207 1265 1286 1288 cum
1308 1259 1378 1295 ΒΜ,
1405 1258 1491 1295 quin
1517 1259 1542 1288 G
1630 1257 1666 1287 in

117 1310 289 1342 librorum
305 1310 481 1351 scriptura
501 1319 614 1351 neque
635 1309 799 1341 uniuersa
820 1311 959 1341 constat
981 1309 1095 1340 oratio
1116 1319 1228 1350 neque
1250 1310 1312 1340 aut
1333 1307 1499 1350 parcendi
1519 1307 1666 1340 uerbum

119 1361 339 1393 intellectum
363 1360 469 1393 habet
493 1364 554 1392 aut
578 1360 663 1392 ferri
685 1363 805 1402 potest
826 1365 950 1401 partus
973 1359 1143 1402 singulari
1164 1370 1308 1391 numero
1332 1360 1497 1402 positum.
1548 1359 1666 1401 itaque

118 1412 301 1445 Bentleius
328 1417 400 1444 tres
424 1423 546 1444 uersus
574 1413 722 1445 619-621
751 1412 877 1444 eiecit:
906 1412 1015 1443 ceteri
1037 1422 1127 1453 quae
1151 1411 1387 1450 coniecerunt,
1412 1411 1561 1449 omitto;
1593 1410 1667 1452 ipse

119 1464 206 1506 quid
229 1464 312 1496 olim
336 1464 541 1505 temptarim
565 1463 679 1496 dicam
702 1463 747 1495 acl
771 1464 844 1496 622.
895 1474 1018 1495 uerum
1042 1473 1120 1495 cum
1144 1463 1179 1494 in
1203 1462 1351 1505 singulis
1372 1461 1488 1494 uerbis
1509 1461 1598 1494 nihil
1621 1461 1668 1493 sit

121 1515 214 1558 quod
244 1526 315 1547 non
345 1514 390 1547 ad
420 1515 646 1554 sententiam,
676 1515 816 1557 qualem
843 1518 1081 1557 expectamus,
1113 1514 1226 1556 possit
1257 1513 1522 1552 accommodari,
1551 1513 1669 1545 omnia

120 1569 256 1599 intacta.
279 1566 452 1599 seruanda
475 1566 644 1599 uidentur
667 1570 704 1598 et
727 1577 847 1598 eorum
867 1577 957 1608 quae
978 1565 1228 1598 desiderantur
1248 1576 1406 1607 quaeque
1428 1564 1542 1597 medio
1563 1575 1668 1596 uersu

121 1620 185 1652 619
211 1618 382 1650 excidisse
413 1618 580 1650 credibile
611 1622 665 1650 est
695 1618 894 1650 adiectione
919 1617 1012 1649 hunc
1039 1618 1075 1649 in
1103 1617 1245 1649 modum
1273 1616 1487 1656 adiuuanda,
1516 1621 1564 1655 at,
1593 1626 1669 1648 cum

121 1669 290 1711 Lavziyeri
303 1675 427 1711 partus
442 1669 501 1702 sub
514 1674 655 1711 utroque
667 1668 846 1712 <laborant
866 1670 870 1710 l
891 1669 992 1711 uique
1005 1674 1166 1710 uryuente
1179 1669 1289 1700 dolent
1303 1668 1480 1700 amborum
1493 1666 1667 1709 astuque)

121 1721 254 1762 trinovae
273 1720 278 1763 Ι
298 1731 365 1753 uon
375 1721 504 1762 parcit.
555 1721 667 1760 Aries,
687 1721 717 1753 si
731 1720 871 1763 quando
888 1724 990 1753 natos
1005 1731 1087 1752 suos
1104 1731 1124 1751 a
1140 1720 1255 1752 Leone
1277 1720 1540 1762 Sagittarioque
1557 1720 1670 1761 premi

122 1774 235 1812 uidet,
255 1773 330 1815 ipse
346 1783 467 1804 rursus
482 1783 541 1804 eos
557 1772 784 1815 aggreditur3
809 1771 869 1804 sed
891 1783 970 1804 raro
992 1775 1110 1804 tamen
1131 1782 1205 1803 sese
1226 1771 1271 1803 ad
1293 1771 1423 1803 bellum
1439 1771 1592 1813 accingit
1608 1781 1670 1802 nec

122 1825 192 1857 nisi
223 1827 369 1866 cogente
399 1824 610 1856 necessitate
697 1823 762 1855 620
784 1826 901 1863 parcit
931 1822 1005 1862 (ΗΡ,
1034 1826 1158 1862 parcet
1190 1825 1248 1854 ΕΜ
1336 1822 1398 1854 621
1425 1825 1540 1854 minas
1570 1831 1668 1861 prae-

123 1880 268 1909 tendere
277 1877 311 1915 ·)(·,
329 1878 445 1914 mag-Is
468 1885 532 1914 pro
556 1879 715 1914 tempore
738 1875 820 1907 libri
842 1877 917 1907 sine
938 1885 1052 1914 sensu,
1072 1874 1199 1906 animis
1220 1874 1416 1906 contendere
1432 1873 1590 1912 Iacobus,
1609 1874 1671 1915 qui

123 1928 218 1960 solus
238 1928 275 1959 in
297 1927 353 1959 his
376 1926 491 1959 tribus
516 1927 675 1959 uersibus
698 1926 833 1969 aliquid
858 1926 971 1958 uidit:
998 1926 1212 1968 Postgatius,
1233 1926 1294 1968 qui
1314 1925 1425 1966 maqis
1435 1936 1503 1966 pro
1525 1930 1671 1966 tempore

124 1979 256 2020 suryit
279 1979 441 2018 coniecit,
454 1989 523 2019 pro
542 1983 688 2020 tempore
711 1979 761 2010 ita
783 1979 940 2020 accipere
964 1977 1108 2010 uidetur
1131 1978 1232 2020 quasi
1255 1977 1302 2010 sit
1325 1977 1424 2009 certis
1445 1977 1671 2018 temporibus;

124 2035 179 2064 est
202 2036 321 2063 autem
338 2035 445 2071 prout
468 2035 598 2071 tempus
618 2030 780 2071 postulat.
829 2029 942 2062 minas
962 2030 1069 2061 etiam
1090 2029 1230 2060 facilius
1250 2028 1286 2060 in
1306 2028 1418 2068 mayis
1438 2028 1534 2060 abire
1553 2028 1672 2070 potuit

125 2093 230 2126 quam
246 2081 341 2124 quod
362 2081 458 2113 haud
480 2092 558 2113 raro
580 2092 659 2114 cum
680 2082 745 2113 1100
766 2081 997 2113 confunditur
1016 2081 1140 2120 minus,
1159 2080 1259 2112 uelut
1276 2088 1316 2111 Ν
1334 2081 1407 2119 110,
1426 2080 1527 2112 Luer.
1549 2088 1578 2111 11
1594 2080 1669 2117 533,

125 2134 223 2168 Caes.
242 2133 323 2166 b.G.
341 2142 411 2165 VIII
430 2134 472 2165 53
487 2133 520 2172 2,
539 2132 642 2166 Ouid.
663 2133 735 2165 her.
756 2142 838 2164 xvn
858 2133 929 2171 102,
950 2132 1036 2165 Hor.
1053 2132 1153 2174 epod.
1171 2133 1191 2165 8
1214 2132 1275 2170 17;
1300 2136 1446 2172 tempore
1470 2135 1588 2163 autem
1609 2141 1672 2172 pro

126 2186 258 2218 tendere
279 2185 450 2227 scriptum
467 2189 520 2216 est
536 2184 675 2217 Nemes.
693 2195 770 2226 eyn.
788 2185 862 2223 311,
882 2194 1094 2226 quamquam
1116 2183 1181 2215 hoc
1202 2183 1278 2215 loco
1300 2182 1465 2214 mendum
1483 2183 1614 2224 partim
1630 2193 1672 2214 ex

125 2249 159 2270 u.
180 2237 245 2270 620
266 2239 384 2268 ortum
407 2235 552 2268 uidetur
640 2235 704 2267 622
726 2235 790 2266 623
814 2235 888 2267 loco
913 2238 1038 2267 extant
1061 2235 1197 2273 alieno3
1220 2234 1348 2266 idcirco
1372 2234 1464 2266 enim
1488 2244 1521 2266 u.
1541 2234 1605 2266 624
1628 2234 1673 2266 ad

126 2289 274 2322 619-621
293 2288 446 2320 refertur
461 2298 573 2330 neque
590 2287 779 2329 quicquam
801 2287 846 2319 ad
867 2297 941 2318 rem
963 2287 1095 2318 attinet
1111 2286 1197 2318 haec
1213 2285 1345 2318 diuersi
1362 2286 1398 2317 in
1414 2285 1550 2317 duobus
1566 2286 1675 2327 signis

126 2340 262 2373 roboris
285 2340 580 2378 commemoratio,
599 2349 688 2381 quae
709 2344 750 2370 ut
770 2338 886 2380 aliquo
906 2338 1103 2370 sententiae
1124 2337 1266 2370 uinculo
1290 2337 1528 2379 superioribus
1551 2337 1673 2369 adnec-

127 2395 265 2424 teretur
291 2401 382 2422 anno
411 2391 495 2423 1903
521 2391 607 2422 haec
634 2390 671 2422 in
694 2401 751 2422 uu.
776 2391 839 2422 619
863 2401 913 2432 sq.
939 2390 1090 2422 nouaui:
1122 2394 1170 2428 at,
1196 2388 1294 2430 quia
1318 2388 1484 2429 Laniyeri
1508 2399 1587 2429 par
1612 2388 1676 2420 uis

128 2443 340 2484 roburque,
360 2442 492 2483 triqono
514 2441 518 2483 Ι
537 2452 604 2474 non
617 2446 747 2482 paret.
796 2441 902 2483 paulo
919 2442 1034 2473 minus
1051 2440 1268 2472 incommode
1285 2440 1321 2471 hi
1338 2439 1407 2471 duo
1424 2450 1545 2471 uersus
1558 2440 1675 2471 uersui

128 2496 192 2527 618
208 2494 473 2532 subicerentur3
497 2504 709 2535 quamquam
726 2493 904 2525 sententia
925 2503 1044 2524 eorum
1066 2493 1185 2534 potius
1201 2491 1245 2524 ad
1267 2492 1418 2524 530-535
1433 2492 1589 2533 pertinet

173 2546 237 2577 622
263 2546 434 2577 inusitate
460 2545 623 2577 additum
647 2555 713 2577 esse
737 2544 782 2576 ad
805 2550 965 2576 nostrum
989 2554 1127 2576 sensum
1152 2554 1223 2575 non
1247 2544 1361 2575 minus
1384 2542 1543 2574 abundat
1572 2553 1677 2585 quam

129 2597 353 2629 desideratur
369 2597 405 2629 in
421 2596 505 2628 Sall.
519 2597 596 2628 Cat.
609 2597 631 2628 2
647 2596 668 2627 2
684 2606 818 2637 coepere
835 2620 843 2627 .
865 2621 871 2628 .
895 2620 901 2627 .
920 2605 1122 2627 maxumam
1137 2594 1285 2636 9207·z‘am
1301 2595 1338 2626 in
1356 2605 1518 2626 maaeumo
1533 2594 1678 2635 imperio

129 2653 264 2690 putare.
305 2648 440 2680 seilicet
452 2648 517 2679 hoc
530 2647 605 2679 loco
617 2657 799 2679 numerare
811 2648 986 2679 nouieiam
999 2647 1096 2678 illam
1109 2645 1400 2689 significationem
1413 2645 1579 2678 adsciscit
1591 2656 1679 2688 quae

130 2701 166 2732 in
183 2699 290 2732 simili
309 2699 460 2742 putandi
481 2698 589 2731 uerbo
610 2698 723 2730 multo
743 2699 917 2730 maturius
939 2702 1019 2730 orta
1041 2698 1227 2739 antiquum
1250 2708 1353 2729 usum
1376 2707 1486 2739 paene
1509 2697 1674 2729 aboleuit.

131 2755 281 2793 utroque
318 2750 422 2782 modo
459 2750 586 2782 Graeci
623 2751 811 2790 λογίζεσθαι
848 2749 974 2782 dicunt
1070 2749 1133 2780 623
1168 2749 1222 2781 cui
1253 2748 1454 2781 commixtus
1484 2748 1581 2780 homo
1619 2753 1675 2787 est,

131 2803 347 2843 μειξομβρότῳ
428 2811 593 2834 nemeaee
615 2801 849 2840 Prucknerus,
867 2810 1010 2833 nemeae
1031 2804 1065 2839 L,
1084 2809 1205 2833 nemee
1226 2803 1287 2832 GM
1374 2799 1433 2832 sub
1450 2811 1470 2831 a
1489 2800 1678 2842 superioris

132 2865 255 2886 uersus
275 2854 312 2885 in
334 2864 405 2885 non
426 2853 566 2885 differt:
591 2852 674 2885 uide
696 2862 709 2885 1
726 2853 790 2887 782
806 2864 855 2895 sq.
876 2852 1025 2885 uolucris
1042 2877 1049 2885 .
1071 2877 1078 2884 .
1100 2877 1107 2884 .
1128 2852 1189 2894 qui
1207 2856 1314 2893 yescat
1336 2851 1373 2883 in
1394 2851 1474 2883 alite
1492 2851 1675 2890 Phoebum,

131 2914 158 2937 v
180 2906 242 2938 381
272 2905 342 2947 ipse
369 2904 470 2937 deum
499 2905 632 2946 Cycnus
658 2904 771 2937 condic
798 2914 976 2946 uocemque
1003 2904 1062 2936 sub
1087 2904 1156 2936 illo.
1205 2913 1283 2943 uno,
1310 2902 1462 2946 simplici
