1931 3202
205 67 254 105 14
799 66 861 108 M.
894 65 1146 109 MANILII

373 179 692 232 cognatamque
714 176 797 218 sibi
819 179 1009 218 mentem
1032 177 1239 219 uertisset
1260 177 1317 218 ad
1338 177 1477 233 ipsam

374 252 419 291 et
439 252 615 291 tantum
636 250 845 292 dictasset
866 265 985 306 opuS,
1007 250 1213 306 caeloque
1234 251 1407 292 ueniret

253 331 315 364 125
375 324 491 379 quod
513 327 642 366 uocat
664 324 709 365 in
731 324 898 366 caelum
921 339 1044 366 sacra
1064 325 1119 366 ad
1142 325 1401 367 commercia
1421 327 1600 367 rerum?

254 404 315 439 127
375 398 474 452 quis
494 401 625 453 neget
646 413 738 440 esse
759 397 884 439 nefas
906 398 1098 439 inuitum
1122 399 1332 454 prendere
1357 398 1570 440 mundum

375 474 420 513 et
441 471 564 513 uelut
585 472 630 512 in
652 474 790 513 semet
810 475 988 527 captum
1010 472 1222 514 deducere
1244 473 1290 514 in
1312 473 1458 514 orbem
1480 475 1494 513 2

375 545 462 595 sed,
483 560 537 586 ne
559 545 745 587 circuitu
766 545 898 601 longo
919 546 1157 588 manifesta
1178 547 1431 602 probentur,

254 627 317 660 130
375 619 471 674 ipsa
492 619 600 661 fides
621 620 741 675 operi
764 619 897 661 faciet
918 620 1175 676 pondusque
1197 621 1439 676 fidemque3

375 707 479 734 nam
500 708 641 748 neque
663 694 881 749 decipitur
901 694 1016 736 ratio
1038 709 1115 737 nec
1136 694 1300 750 decipit
1321 709 1541 750 umquam.

376 767 461 808 rite
483 767 673 809 secunda
693 768 768 809 uia
791 772 856 810 est
877 783 927 810 ac
948 769 1064 810 ueris
1086 769 1252 810 credita
1273 769 1415 811 causis

376 845 647 897 euentusque
668 842 801 884 datur
823 843 965 898 qualis
986 843 1255 899 praedicitur
1276 846 1390 885 ante.

202 971 367 1004 obsecro?
401 983 446 1004 an
477 977 611 1015 quauta
641 973 850 1015 Polyphemi
879 974 954 1005 lata
983 974 1084 1013 acies,
1110 984 1175 1015 per
1204 984 1310 1015 quam
1339 974 1456 1006 sollers
1486 974 1593 1006 euasit
1626 974 1746 1013 Vlixes,

202 1022 361 1064 Aryolici
379 1024 479 1065 clipei
493 1029 554 1056 aut
571 1025 744 1057 Phoebeae
760 1025 937 1066 lampadis
953 1025 1106 1057 instar-'2'
1196 1026 1230 1057 in
1248 1026 1324 1058 loco
1340 1026 1444 1058 huius
1460 1025 1649 1065 simillimo,
1668 1025 1750 1058 libri

202 1077 275 1116 περὶ
314 1077 434 1114 κόσμου
474 1076 588 1115 initio,
630 1077 716 1108 haec
756 1077 935 1119 leguntur,
955 1079 974 1115 ἡ
992 1102 999 1109 .
1021 1101 1028 1109 .
1050 1102 1058 1110 .
1079 1078 1170 1118 ψυχὴ
1187 1101 1194 1109 .
1216 1102 1223 1109 .
1245 1102 1252 1109 .
1273 1078 1393 1118 ῥᾳδίωσ
1410 1102 1418 1109 .
1439 1102 1446 1110 .
1468 1102 1475 1109 .
1496 1079 1536 1108 τὰ
1578 1080 1750 1117 συγγενῆ

201 1128 389 1168 ’γνωρίσασα
406 1130 458 1159 καὶ
474 1130 562 1168 θείῳ
584 1131 716 1169 ψυχῆσ
738 1130 877 1167 ὄμματι
893 1130 934 1160 τὰ
952 1130 1021 1160 θεῖα
1037 1131 1269 1170 καταλαβοῦσα
1283 1141 1291 1167 ;
1316 1140 1403 1171 quos
1419 1132 1537 1161 autem
1553 1129 1751 1171 Appuleius

202 1178 377 1220 interpres
393 1179 531 1212 diuinos
547 1180 658 1212 oculos
674 1183 788 1219 uocat,
808 1181 840 1212 ei
861 1191 931 1212 non
952 1181 1067 1212 minus
1089 1184 1184 1212 recte
1205 1183 1313 1213 sancti
1332 1181 1512 1220 dicuntur,
1530 1180 1750 1223 quemadmo-

203 1229 287 1262 dum
306 1230 483 1273 Vergilius
499 1232 585 1263 Aen.
603 1241 633 1263 11
646 1233 709 1265 686
725 1237 858 1264 sanctos
873 1232 961 1273 iqui-3
976 1233 1172 1275 appellauit
1188 1232 1362 1264 diuinitus
1378 1233 1501 1265 missos
1516 1245 1524 1271 ;
1546 1232 1627 1264 uide
1643 1233 1751 1264 etiam

203 1281 334 1315 C.G.L.
354 1292 399 1314 111
418 1284 477 1317 171
496 1284 549 1322 29,
564 1284 628 1315 238
644 1285 686 1316 40
702 1289 857 1316 sanctum
875 1286 970 1323 θεῖον,
990 1284 1120 1326 Appul.
1138 1284 1228 1326 apol.
1244 1285 1287 1317 50
1305 1284 1492 1316 diuinum
1512 1284 1665 1317 morbum
1682 1309 1689 1316 .
1711 1309 1717 1316 .
1740 1309 1747 1316 .

203 1334 295 1374 quod
305 1334 415 1366 animi
426 1340 561 1376 partem
573 1335 787 1374 rationalem,
803 1346 890 1376 quae
902 1336 997 1376 lovqe
1010 1336 1272 1368 sanctissima
1285 1341 1342 1375 est,
1356 1347 1430 1368 eam
1442 1335 1551 1368 uiolet.
1585 1335 1752 1367 Manilius

204 1394 244 1416 IV
260 1386 324 1418 906
340 1396 390 1428 sq.
408 1387 539 1426 (homo)
553 1387 601 1418 acl
616 1387 733 1419 sidera
745 1387 849 1419 mittit
869 1386 873 1428 Ι
895 1388 1041 1419 sidereos
1054 1388 1174 1426 oculos,
1192 1388 1256 1420 933
1271 1398 1311 1419 ne
1326 1387 1456 1420 dubites
1472 1387 1600 1419 homini
1615 1387 1753 1419 diuinos

203 1437 339 1469 credere
361 1437 456 1469 visus
544 1441 673 1470 animis
697 1442 733 1477 G,
757 1441 868 1471 animi
890 1442 958 1471 LM.
1008 1448 1047 1470 iv
1075 1440 1136 1471 194
1159 1450 1209 1481 sq.
1233 1439 1412 1481 (Erigone)
1427 1439 1539 1480 faciet
1556 1464 1563 1471 .
1585 1463 1592 1471 .
1613 1463 1620 1470 .
1641 1439 1752 1471 oculos

204 1489 319 1528 menti,
353 1490 417 1524 875
447 1500 530 1531 quos
547 1515 554 1522 .
576 1515 583 1522 .
605 1515 612 1522 .
633 1491 727 1522 (ledit
757 1495 887 1522 ‘natura
918 1491 1030 1522 oculos
1047 1515 1054 1522 .
1076 1515 1082 1522 .
1105 1515 1112 1523 .
1133 1493 1252 1522 mentis
1355 1490 1417 1521 123
1440 1493 1509 1522 sibi
1538 1490 1612 1522 cod.
1639 1490 1749 1529 Flor.‚

204 1542 260 1571 sui
286 1543 380 1572 GLM.
429 1551 488 1573 sus
519 1541 604 1583 quid
635 1541 692 1573 hic
722 1546 805 1583 agat
834 1543 951 1574 nescio
1041 1541 1101 1573 125
1126 1543 1220 1574 inter
1249 1542 1481 1581 incredibilia,
1514 1552 1603 1584 quae
1631 1541 1674 1573 ab
1703 1542 1752 1573 eis

204 1591 417 1630 hominibus,
439 1592 565 1634 quibus
589 1594 626 1625 in
649 1593 798 1625 Manilio
822 1593 1034 1625 recensendo
1057 1593 1201 1625 fortuna.
1224 1605 1279 1625 me
1302 1593 1487 1625 succedere
1509 1594 1636 1632 uoluit,
1660 1604 1749 1625 com·

204 1643 310 1675 missa
331 1648 426 1683 sunt,
445 1644 510 1676 hoc
533 1655 602 1676 non
625 1645 790 1677 ultimum
813 1645 927 1677 locum
951 1645 1069 1684 habet,
1091 1645 1197 1687 quod,
1219 1656 1296 1677 cum
1321 1645 1469 1677 Iacobus
1493 1646 1567 1677 siue
1591 1656 1653 1677 sua
1676 1645 1751 1677 siue

204 1695 474 1736 typothetarum
498 1697 601 1737 culpa
624 1696 709 1728 caeli
731 1707 795 1737 pro
818 1707 934 1728 rerum
957 1697 993 1728 in
1017 1700 1186 1728 contextu
1209 1696 1438 1735 exhibuisset,
1460 1696 1548 1728 illud
1572 1696 1752 1728 Breiterus

205 1756 269 1788 pro
285 1757 369 1778 uera
385 1748 628 1780 emendatione
644 1748 826 1790 amplexus
843 1752 908 1787 est,
927 1748 1067 1780 adiecta
1083 1749 1118 1780 in
1135 1749 1229 1780 notis
1246 1748 1414 1780 librorum
1431 1748 1668 1790 discrepantia

251 1797 312 1829 126
336 1804 366 1830 et
377 1800 516 1839 primas·
532 1801 608 1839 (GL,
621 1800 742 1840 prima
757 1802 803 1839 M)
822 1810 907 1840 quas
929 1800 1014 1832 clani
1035 1800 1120 1841 leqes
1136 1800 1347 1832 nascentibus
1367 1804 1473 1838 astra,
1493 1801 1555 1842 qui
1571 1810 1693 1831 uersus
1708 1811 1751 1831 ne

205 1852 281 1881 tum
299 1850 452 1892 quidem,
472 1851 502 1882 si
523 1851 708 1883 tolleretur
724 1851 873 1892 primas,
892 1852 957 1883 hoc
979 1852 1053 1884 loco
1074 1855 1157 1893 apte
1178 1853 1314 1893 positus
1335 1851 1450 1884 uideri
1471 1855 1599 1893 posset,
1619 1851 1752 1883 deleuit

206 1901 398 1941 Bentleius,
421 1913 484 1944 ego
508 1908 588 1944 post
611 1903 675 1934 270
698 1904 867 1935 collocaui
957 1903 1018 1934 128
1042 1904 1218 1941 mundum,
1244 1904 1308 1935 hoc
1333 1911 1386 1935 est
1410 1914 1527 1935 rerum
1550 1903 1752 1935 caelestium

206 1954 400 1993 scientiam,
431 1955 468 1986 in
494 1960 604 1993 semet,
635 1955 670 1986 in
697 1955 827 1986 mundo
858 1956 933 1987 siue
963 1955 1069 1994 caelo,
1100 1960 1238 1996 captum
1265 1955 1428 1987 deducere
1455 1955 1491 1987 in
1518 1955 1611 1986 huno
1641 1955 1752 1987 orbem

206 2009 421 2038 terrestrem.
470 2006 560 2038 uelut
583 2017 652 2037 non
675 2006 720 2038 ad
743 2007 816 2038 sola
840 2007 948 2038 uerba
970 2007 1008 2038 in
1030 2012 1129 2038 semet
1153 2012 1290 2048 captum
1312 2007 1465 2038 refertur
1486 2007 1548 2038 sed
1569 2007 1752 2038 uniuersae

206 2057 374 2088 orationis
391 2057 571 2089 audaciam
588 2063 743 2090 excusat.
793 2058 954 2090 similiter
977 2058 1115 2090 luditur
1136 2059 1171 2090 in
1194 2059 1328 2100 duplici
1346 2059 1401 2090 dei
1416 2059 1566 2090 nominis
1582 2057 1753 2100 significa-

207 2109 303 2140 tione
320 2118 333 2140 1
349 2110 393 2141 50
408 2109 508 2150 inque
528 2110 629 2141 deum
649 2110 731 2142 deus
754 2110 826 2151 ipse
848 2110 924 2142 tulit
1014 2110 1076 2140 130
1100 2110 1177 2151 ipsa
1188 2110 1291 2152 fide-3,
1311 2110 1376 2142 hoc
1397 2114 1451 2142 est
1470 2110 1653 2152 praedicta
1671 2120 1755 2141 uera

207 2160 406 2199 euadenffla,
425 2161 521 2203 operi
537 2161 762 2203 facietficlem
783 2165 889 2203 atque
910 2162 1170 2194 auctoritatem.
1220 2161 1313 2193 idem
1335 2161 1630 2194 adnominationis
1646 2172 1754 2203 genus

207 2211 340 2244 habent
370 2212 484 2244 Plaut.
519 2212 645 2245 Pseud.
681 2214 723 2245 90
754 2219 911 2245 certumst
944 2213 1030 2245 mihi
1064 2218 1141 2245 ante
1174 2213 1325 2245 tenebras
1360 2215 1573 2255 (uesperum)
1604 2213 1756 2245 tenebras

209 2264 384 2303 (mortem)
398 2266 569 2305 persequi,
588 2264 690 2297 Ouid.
711 2269 793 2297 met.
810 2274 851 2296 IX
868 2265 932 2299 723
948 2275 1117 2306 quamque
1133 2265 1250 2296 uirum
1266 2267 1425 2304 (marem)
1438 2270 1541 2306 palat
1557 2275 1623 2297 esse
1638 2265 1755 2297 uirum

209 2315 403 2354 (maritum)
418 2316 499 2356 fore
523 2316 629 2348 credit
652 2316 788 2354 Ianthe,
815 2317 908 2348 trist.
937 2326 951 2348 1
975 2318 1011 2348 11
1038 2318 1078 2348 12
1103 2318 1210 2348 omnis
1234 2317 1277 2348 ab
1302 2317 1365 2348 hac
1390 2327 1476 2348 cura
1499 2316 1646 2355 (studio)
1670 2326 1754 2348 cura

210 2367 449 2408 (aegrimonia)
466 2368 581 2399 leuata
597 2378 673 2400 mea
689 2373 746 2407 est,
762 2368 858 2400 Man.
875 2377 921 2399 111
937 2369 979 2400 8ss
995 2369 1098 2400 donec
1114 2368 1205 2399 uenia
1222 2368 1312 2400 orbi-3
1327 2368 1363 2399 in
1379 2368 1490 2400 orbem
1581 2367 1640 2399 131
1664 2367 1755 2399 racio

208 2419 550 2458 mathematicorum,
569 2420 757 2461 astrologia
847 2419 910 2450 132
931 2420 1079 2452 secunda
1099 2420 1291 2461 Pingraeus
1310 2420 1478 2461 sequenda
1500 2419 1755 2461 interpretatus

209 2473 275 2507 est,
300 2470 394 2512 quod
419 2471 534 2512 ipsum
559 2471 748 2512 scripserat
773 2471 913 2512 Fayus3
945 2471 1019 2503 cod.
1049 2471 1142 2503 Flor.
1171 2471 1319 2503 secanda
1343 2470 1460 2509 habet,
1490 2471 1620 2502 heroici
1645 2481 1754 2512 paene

209 2521 356 2563 spiritus
376 2522 523 2554 uerbum
544 2533 607 2554 nec
628 2522 709 2554 huic
733 2523 784 2554 rei
807 2533 1011 2564 congruens.
1061 2522 1123 2554 sed
1144 2523 1238 2554 uiam
1259 2523 1352 2554 ueris
1373 2523 1487 2554 causis
1507 2522 1649 2554 credere
1670 2522 1755 2564 quid

209 2573 256 2604 sit
279 2576 342 2604 aut
365 2584 434 2615 quo
457 2574 532 2605 iure
556 2573 682 2605 Latine
706 2573 776 2605 dici
799 2577 948 2615 putetur
973 2576 1065 2613 (nam
1090 2574 1206 2611 aliter,
1230 2574 1324 2615 apud
1346 2573 1513 2606 Ouidium
1533 2574 1753 2615 praesertim,

209 2623 367 2656 homines
397 2624 493 2656 credi
523 2624 702 2664 dicuntur,
735 2625 862 2667 quibus
893 2625 1028 2667 aliquid
1062 2625 1332 2657 adfirmantibus
1363 2625 1533 2664 creditur)
1564 2628 1638 2657 tam
1668 2625 1756 2656 mihi

209 2674 396 2707 obscurum
432 2680 486 2708 est
521 2687 625 2718 quam
660 2676 768 2708 fuisse
803 2676 945 2708 uidetur
981 2676 1153 2716 Bentleio,
1187 2677 1248 2718 qui
1283 2687 1423 2708 uersum
1455 2676 1505 2708 sic
1537 2676 1753 2714 immutauit,

209 2732 283 2758 arce
314 2728 462 2759 secanda
493 2727 554 2759 uia
589 2732 646 2767 est,
684 2738 706 2759 a
741 2728 833 2760 ueris
866 2728 1000 2760 tradita
1035 2728 1158 2767 causis,
1191 2729 1256 2760 hac
1288 2728 1411 2760 addita
1441 2727 1753 2769 interpretatione:

213 2780 221 2794 ‘
234 2778 269 2810 in
300 2778 601 2820 praedictionibus
633 2779 852 2821 astrologicis
886 2779 1146 2821 procedendum
1182 2783 1236 2811 est
1271 2779 1463 2811 secundum
1497 2780 1585 2811 artis
1618 2778 1755 2821 regulas

210 2840 230 2860 a
252 2829 438 2862 Chaldaeis
462 2841 504 2862 ex
529 2831 623 2862 ueris
647 2830 953 2863 obseruationibus
977 2830 1150 2869 traditas;
1179 2835 1215 2863 et
1239 2837 1316 2863 turn
1342 2836 1435 2863 certe
1461 2835 1608 2863 euentus
1635 2830 1753 2868 datur,
