1931 3202
636 93 1120 136 ASTRONOMICON
1162 93 1210 134 Π
1640 94 1695 133 39

201 213 266 246 380
325 203 442 259 quod
462 218 550 246 non
572 204 796 245 diuersum
817 219 957 260 genus
978 207 1044 245 est
1065 203 1325 246 coeuntibus
1346 203 1488 252 astris,

324 278 518 319 mascula
539 277 613 319 sed
635 278 830 319 maribus
851 277 1127 334 respondent,
1149 280 1293 319 cetera
1313 292 1444 318 sexus

324 351 503 393 feminei
524 366 669 393 secum
692 351 884 408 iungunt
905 351 1163 393 commercia
1184 350 1347 393 mundi.

324 425 397 476 sic,
419 440 684 481 quamquam
706 426 901 476 alternis,
922 440 1002 482 par
1023 429 1090 467 est
1115 428 1278 467 natura
1297 425 1462 480 figuris,

322 502 367 541 et
387 503 575 555 cognata
595 500 740 541 iacent
759 500 933 555 generis
954 500 1036 541 sub
1057 500 1228 555 legibus
1248 503 1378 541 astra.

198 583 261 615 385
379 574 467 615 iam
487 588 591 615 uero
612 574 735 615 nulla
756 576 823 615 est
843 574 1128 615 haerentibus
1149 573 1303 615 addita
1324 573 1462 629 signis

321 648 489 703 gratia3
519 662 621 688 nam
644 662 879 689 consensus
901 648 1043 696 hebet,
1066 648 1170 703 quia
1190 648 1313 689 uisus
1334 647 1576 703 ademptus.

320 722 366 762 in
387 721 568 763 seducta
589 721 740 763 ferunt
760 722 942 771 animos,
964 737 1074 777 quae
1096 736 1272 763 cernere
1293 724 1488 777 possunt.

320 799 425 837 sunt
445 796 578 837 etiam
599 796 772 837 aduersi
793 796 966 852 generis
987 811 1153 837 conexa
1174 811 1252 851 per
1272 795 1420 837 orbem

319 869 513 911 mascula
533 869 736 911 femineis
757 885 1014 926 semperque
1034 870 1209 911 obsessa
1230 870 1435 911 uicissim.

197 953 261 986 390
321 944 588 999 [disparibus
610 959 697 986 non
720 945 811 985 ulla
831 945 963 986 datur
985 944 1216 986 concordia
1237 944 1405 999 signis]

145 1108 241 1141 Man.
267 1120 299 1151 p.
316 1109 381 1140 212
400 1113 436 1141 et
458 1109 620 1150 Scaliger,
646 1113 769 1142 foebus
790 1114 835 1149 M,
860 1113 995 1148 phebus
1017 1113 1074 1142 GL.
1125 1109 1289 1142 similiter
1313 1112 1467 1141 erratum
1491 1112 1545 1141 est
1568 1110 1629 1142 401
1655 1112 1692 1141 et

144 1162 207 1195 577
291 1161 494 1202 propinqua
520 1161 576 1193 lex
605 1161 736 1193 dicitur
760 1172 849 1203 quae
876 1162 1007 1193 rectius
1037 1162 1314 1203 propinquitatis
1342 1161 1531 1199 diceretur,
1560 1166 1602 1192 ut
1628 1161 1692 1192 384

142 1212 273 1253 qeneris
295 1213 354 1244 sub
377 1213 503 1253 lession-s
596 1213 659 1243 380
683 1217 739 1245 est
755 1224 821 1244 om.
842 1216 867 1244 G
960 1216 1166 1245 coeuntibus
1191 1213 1334 1244 Ellisius
1355 1216 1449 1244 noct.
1469 1213 1564 1244 Man.
1584 1223 1618 1254 p.
1635 1213 1687 1251 47,

143 1267 237 1302 quod
263 1267 428 1296 euntibus
456 1263 548 1303 libri,
579 1270 624 1296 est
650 1275 753 1304 [senus
782 1264 1030 1296 alternantibus
1056 1264 1247 1296 Bentleius.
1309 1264 1410 1295 Lucr.
1443 1273 1483 1295 IV
1510 1265 1570 1296 641
1601 1264 1692 1304 quod

143 1315 330 1347 tnrnicibus
356 1315 549 1357 quadratus
576 1326 639 1357 pro
667 1316 904 1354 coturnicibus,
928 1316 1034 1357 Verg.
1060 1317 1147 1347 Aen.
1172 1325 1212 1347 lv
1238 1316 1299 1347 116
1323 1316 1414 1356 quod
1427 1315 1512 1356 fieri
1535 1315 1628 1347 Med.
1655 1318 1690 1347 et

143 1366 234 1398 Gud.
250 1377 314 1408 pro
330 1366 478 1407 confieri,
495 1367 577 1399 Luc.
594 1376 618 1397 V
631 1368 691 1399 691
711 1368 801 1408 qnod
814 1367 942 1399 mittere
960 1367 1052 1399 ZPU
1069 1378 1132 1408 pro
1153 1367 1366 1405 committere,
1384 1367 1512 1398 Auian.
1528 1366 1597 1398 fab.
1613 1367 1655 1399 30
1671 1368 1690 1399 8

142 1419 233 1459 quod
248 1418 420 1459 yeminaca
436 1418 540 1450 multi
556 1422 592 1450 et
608 1419 746 1460 antiqui
763 1419 862 1450 codd.
885 1430 950 1460 pro
967 1421 1210 1459 conqeminata,
1232 1419 1327 1450 Man.
1345 1427 1374 1449 11
1390 1419 1450 1452 197
1468 1419 1558 1459 qnod
1574 1418 1690 1450 iuncta

141 1473 199 1501 LM
215 1480 278 1511 pro
294 1469 494 1507 coni‘zmcta3
519 1474 640 1502 contra
662 1479 706 1501 111
729 1471 792 1502 314
813 1470 989 1511 coaequali
1011 1470 1110 1502 codd.
1131 1481 1216 1501 rece.
1245 1473 1281 1501 et
1301 1469 1379 1501 edd.
1406 1473 1494 1501 uett.
1515 1480 1577 1511 pro
1598 1470 1690 1510 quod

141 1521 290 1562 aequali.
340 1521 542 1559 coeuntibus,
568 1521 633 1553 hoc
655 1522 831 1553 schemate
853 1522 1062 1560 coniunctis,
1083 1531 1112 1552 11
1134 1522 1197 1555 676
1220 1532 1269 1562 sq.
1287 1524 1383 1552 astra
1404 1521 1544 1562 trigona
1566 1526 1601 1552 ut
1620 1545 1626 1552 .
1649 1546 1656 1553 .
1678 1546 1684 1553 .

139 1573 219 1613 ipsa
235 1597 243 1604 .
264 1597 271 1604 .
292 1597 299 1604 .
320 1578 459 1604 coeunt
477 1598 483 1604 .
506 1597 512 1604 .
534 1597 541 1604 .
562 1573 608 1604 sic
630 1584 689 1604 nos
711 1573 918 1613 coninnynnt
1006 1584 1119 1614 (denne,
1143 1583 1267 1604 sexus:
1297 1572 1378 1604 uide
1401 1582 1430 1603 11
1455 1574 1571 1611 151-4,
1596 1572 1689 1604 unde

140 1624 360 1666 intellegitur
383 1624 534 1655 feminea
557 1635 630 1656 esse
654 1629 750 1656 astra
772 1625 944 1666 hexagoni
966 1635 1022 1655 uu.
1040 1625 1146 1658 3644
1168 1624 1348 1665 descripti,
1368 1624 1522 1655 mascula
1542 1624 1688 1656 alterius

227 1675 290 1706 382
313 1684 431 1707 secum
451 1678 606 1713 iungunt
627 1687 823 1716 anonymus
846 1676 913 1707 ΕΠ.
931 1679 1023 1707 noct.
1044 1676 1140 1707 Man.
1160 1686 1193 1717 p.
1211 1676 1275 1706 212
1291 1679 1327 1707 et
1344 1675 1537 1713 Bentleius,
1557 1685 1594 1707 se
1611 1684 1687 1707 con-

137 1730 293 1765 iungunt
314 1726 405 1758 libri.
456 1737 576 1766 secum,
603 1738 680 1758 eum
706 1728 865 1759 femineis
954 1727 1016 1758 383
1041 1736 1256 1765 quamquam
1280 1727 1472 1765 Bentleius,
1499 1729 1689 1765 quicquam

138 1778 232 1817 libri,
261 1778 355 1820 quod
385 1779 446 1820 qui
477 1778 624 1810 barbare
652 1779 721 1810 dici
749 1779 953 1820 ignorarent
983 1789 1046 1810 nec
1077 1782 1197 1810 tamen
1224 1782 1364 1819 poetam
1392 1778 1558 1810 Latinum
1585 1778 1687 1810 edere

138 1834 346 1862 uererentur
368 1833 488 1862 nostra
511 1834 608 1862 aetas
633 1831 723 1862 uidit
747 1831 845 1867 duos,
864 1831 1075 1862 Bechertum
1099 1834 1135 1861 et
1156 1830 1368 1861 Breiterum.
1417 1840 1625 1871 quamquam
1646 1833 1687 1861 ut

140 1891 168 1913 11
186 1883 229 1914 84
243 1892 293 1923 sq.
314 1892 411 1922 quae,
432 1892 641 1922 quamquam
657 1883 767 1922 Zonsyo,
786 1882 883 1921 cossit,
904 1887 1072 1913 summota
1087 1892 1227 1920 recessu,
1251 1880 1254 1923 Ι
1276 1881 1395 1913 sentiri
1412 1886 1524 1913 tamen

182 1936 332 1965 alternis
348 1933 424 1964 cod.
440 1933 664 1971 Bodleianus,
679 1936 830 1965 alterius
843 1937 927 1965 GLM
1015 1942 1082 1971 par
1105 1937 1160 1964 est
1175 1944 1370 1974 anonymus
1384 1933 1450 1964 ΕΠ.
1472 1936 1564 1964 noct.
1585 1933 1680 1965 Man.

138 1995 172 2026 p.
189 1985 264 2023 212,
283 1985 343 2026 qui
364 1987 405 2015 ut
429 1984 604 2026 Scaligero
629 1985 856 2026 Bentleioque
878 1996 947 2016 non
970 1985 1096 2023 nullas,
1116 1986 1167 2016 ita
1186 1985 1273 2016 mihi
1295 1985 1384 2016 hano
1405 1984 1684 2016 emendationem

138 2037 345 2078 praeripuit,
365 2039 468 2073 paret
491 2036 583 2075 libri,
608 2048 676 2078 quo
700 2037 808 2068 uerbo
831 2037 920 2068 nihil
944 2036 1028 2078 fingi
1051 2039 1170 2077 potest
1194 2037 1415 2077 peruersius3
1441 2039 1568 2067 natura
1591 2036 1684 2067 enim

138 2091 279 2119 tantum
295 2087 395 2119 abest
411 2093 451 2118 ut
467 2088 613 2120 alternis
629 2088 750 2130 figuris
766 2094 900 2130 pareat,
920 2092 961 2119 ut
977 2089 1072 2119 illius
1089 2088 1277 2119 schematis
1298 2087 1526 2118 incommodis
1542 2088 1684 2119 resistat

138 2145 185 2178 et,
213 2139 304 2171 sicut
329 2140 366 2170 in
394 2140 565 2181 oppositis
592 2140 700 2181 signis
726 2151 759 2171 u.
784 2141 859 2178 416,
887 2140 1001 2171 locum
1029 2140 1158 2170 uincat.
1209 2139 1332 2179 dispar
1355 2139 1532 2180 signorum
1554 2143 1683 2171 natura

137 2195 430 2222 commemoratur
451 2202 484 2222 u.
507 2192 577 2223 166.
628 2192 800 2233 hexagoni
823 2192 933 2233 signa,
952 2192 1113 2232 quamuis
1137 2191 1285 2229 alterna,
1304 2190 1397 2231 quod
1419 2190 1529 2229 obest,
1549 2194 1680 2229 tamen,

137 2242 231 2284 quod
247 2242 401 2284 prodest,
418 2253 536 2284 parem
552 2242 683 2274 habent
700 2248 862 2274 naturam
877 2256 883 2274 :
910 2243 958 2274 sic
971 2244 1035 2274 410
1047 2253 1096 2283 sq.
1112 2243 1284 2284 opposita,
1301 2252 1511 2282 quamquam
1526 2243 1683 2273 aduersis

126 2294 266 2334 fzdgyent
289 2294 465 2326 contraria
487 2294 603 2334 signis,
629 2295 632 2335 Ι
652 2299 800 2326 natura
830 2299 943 2325 tamen
972 2293 1141 2325 interdum
1173 2293 1329 2325 sociata
1343 2294 1522 2333 feruntur,
1542 2294 1605 2325 669
1626 2304 1676 2335 sq.

137 2345 312 2387 quadrata
339 2356 478 2386 parem
512 2346 688 2386 referunt.
711 2371 717 2377 .
740 2371 746 2377 .
767 2350 912 2377 sortem
933 2345 937 2387 1
957 2356 996 2377 ac
1027 2345 1133 2377 ueluti
1163 2350 1308 2385 cogynala
1338 2349 1474 2376 manent

180 2396 330 2428 385-389
353 2397 469 2428 uicina
496 2397 589 2429 inter
613 2408 648 2429 se
672 2398 769 2439 signa
797 2398 930 2429 mutuis
957 2396 1140 2428 affectibus
1164 2399 1296 2434 carent,
1324 2407 1404 2428 nam
1423 2397 1540 2436 plnres
1557 2397 1678 2436 promi-

136 2450 269 2480 mantia
284 2448 413 2480 sibimet
429 2448 529 2480 zodia
546 2448 691 2481 inuicem
706 2459 738 2480 se
755 2449 870 2480 nidere
887 2448 1023 2480 omnino
1044 2453 1252 2488 nessauernnt
1268 2448 1318 2479 ait
1335 2447 1545 2480 Censorinus
1562 2448 1605 2479 de
1622 2448 1679 2480 die

137 2504 208 2531 nat.
225 2501 245 2532 8
264 2501 295 2539 6,
317 2510 528 2542 quamquam
551 2501 625 2542 ipse
649 2500 764 2532 minus
787 2500 1037 2531 adseueranter
1060 2500 1229 2541 loquitur,
1253 2500 1300 2530 sol
1324 2510 1399 2530 cu7n
1423 2500 1459 2530 in
1476 2499 1677 2540 proximum

134 2551 269 2591 siynum
295 2552 514 2590 transcendit,
538 2553 647 2583 locum
669 2552 767 2583 illum
790 2552 1013 2592 conceptionis
1036 2556 1096 2582 ant
1121 2551 1280 2582 imbecillo
1304 2551 1396 2582 uidet
1420 2555 1595 2591 con-spectu
1616 2556 1676 2582 ant

133 2602 238 2634 etiam
260 2613 317 2634 nec
340 2603 500 2643 conspicit
589 2603 650 2634 385
675 2603 887 2635 haerentibus
911 2604 1005 2634 inter
1029 2613 1074 2642 se,
1094 2602 1299 2640 confinibus,
1319 2605 1358 2633 ut
1378 2611 1423 2633 111
1442 2603 1518 2640 466,
1538 2611 1577 2633 IV
1598 2603 1673 2641 356,

134 2655 198 2686 860
213 2664 277 2695 pro
292 2655 460 2695 proximis
549 2654 612 2685 386
634 2658 739 2687 hebet
756 2655 921 2696 Scaliger,
940 2658 1049 2686 habet
1063 2653 1146 2685 libri
1233 2657 1420 2691 ademptus
1436 2653 1508 2692 (ΠΡ,
1524 2656 1675 2692 adeptus

134 2708 192 2736 ΒΜ
281 2705 342 2736 387
366 2708 404 2737 in
419 2709 565 2738 seducta
586 2706 764 2737 Bullialdo
785 2708 1088 2748 praemonstrante
1110 2706 1274 2744 Huetius,
1299 2708 1484 2736 inseducta
1504 2707 1575 2743 GM,
1599 2708 1675 2738 inse

135 2759 243 2788 ducta
279 2759 302 2788 L
410 2757 558 2796 seducta,
592 2761 727 2789 remota
836 2757 898 2788 389
922 2757 1062 2796 obsessa,
1096 2756 1231 2788 duobus
1262 2757 1408 2788 alterius
1437 2767 1540 2788 sexus
1568 2756 1675 2798 signis

135 2808 250 2839 media
279 2808 489 2850 interposita
588 2809 651 2839 390
683 2812 759 2840 ulla.
789 2808 862 2847 GL2,
896 2812 996 2840 nulla
1025 2812 1092 2840 LM.
1142 2808 1234 2839 hunc
1265 2819 1415 2845 uersum,
1457 2810 1558 2839 extra
1596 2819 1672 2840 con-

129 2862 273 2891 textum
300 2860 468 2892 orationis
495 2860 648 2902 positum
675 2864 711 2892 et
738 2861 879 2892 immani
908 2860 1089 2892 mendacio
1116 2860 1298 2901 insignem,
1325 2859 1448 2891 deleui.
1498 2870 1578 2891 nam
1606 2860 1673 2892 dis-
