<?xml version="1.0" encoding="UTF-8"?>
<!DOCTYPE html PUBLIC "-//W3C//DTD XHTML 1.0 Transitional//EN"
    "http://www.w3.org/TR/xhtml1/DTD/xhtml1-transitional.dtd">
<html xmlns="http://www.w3.org/1999/xhtml" xml:lang="en" lang="en">
 <head>
  <title>
</title>
<meta http-equiv="Content-Type" content="text/html;charset=utf-8" />
  <meta name='ocr-system' content='tesseract 3.04.00' />
  <meta name='ocr-capabilities' content='ocr_page ocr_carea ocr_par ocr_line ocrx_word'/>
</head>
<body>
  <div class='ocr_page' id='page_1' title='image "astronomiconrece02maniuoft_0081.png"; bbox 0 0 1931 3202; ppageno 0'>
   <div class='ocr_carea' id='block_1_1' title="bbox 644 117 1705 162">
    <p class='ocr_par' dir='ltr' id='par_1_1' title="bbox 644 117 1705 162">
     <span class='ocr_line' id='line_1_1' title="bbox 644 117 1705 162; baseline 0 -1"><span class='ocrx_word' id='word_1_1' title='bbox 644 117 1129 162; x_wconf 86' lang='lat' dir='ltr'>ASTRONOMICON</span> <span class='ocrx_word' id='word_1_2' title='bbox 1169 118 1218 159; x_wconf 94' lang='lat' dir='ltr'>II</span> <span class='ocrx_word' id='word_1_3' title='bbox 1650 122 1705 161; x_wconf 89' lang='lat'>45</span> 
     </span>
    </p>
   </div>
   <div class='ocr_carea' id='block_1_2' title="bbox 208 229 1531 804">
    <p class='ocr_par' dir='ltr' id='par_1_2' title="bbox 334 229 1424 507">
     <span class='ocr_line' id='line_1_2' title="bbox 334 229 1305 285; baseline -0.001 -14"><span class='ocrx_word' id='word_1_4' title='bbox 334 245 432 272; x_wconf 87' lang='lat' dir='ltr'>eum</span> <span class='ocrx_word' id='word_1_5' title='bbox 454 229 609 271; x_wconf 86' lang='lat' dir='ltr'>diuina</span> <span class='ocrx_word' id='word_1_6' title='bbox 628 229 752 271; x_wconf 85' lang='lat' dir='ltr'>dedit</span> <span class='ocrx_word' id='word_1_7' title='bbox 771 229 944 285; x_wconf 85' lang='lat' dir='ltr'>magnis</span> <span class='ocrx_word' id='word_1_8' title='bbox 964 229 1208 271; x_wconf 88' lang='lat' dir='ltr'>uirtutibus</span> <span class='ocrx_word' id='word_1_9' title='bbox 1228 243 1305 271; x_wconf 86' lang='lat' dir='ltr'>ora</span> 
     </span>
     <span class='ocr_line' id='line_1_3' title="bbox 334 303 1363 352; baseline -0.002 -6"><span class='ocrx_word' id='word_1_10' title='bbox 334 303 533 346; x_wconf 87' lang='lat' dir='ltr'>condidit</span> <span class='ocrx_word' id='word_1_11' title='bbox 551 306 597 345; x_wconf 92' lang='lat' dir='ltr'>et</span> <span class='ocrx_word' id='word_1_12' title='bbox 617 303 764 345; x_wconf 83' lang='lat' dir='ltr'>uarias</span> <span class='ocrx_word' id='word_1_13' title='bbox 785 317 907 345; x_wconf 81' lang='lat' dir='ltr'>sacro</span> <span class='ocrx_word' id='word_1_14' title='bbox 929 303 1010 345; x_wconf 91' lang='lat' dir='ltr'>sub</span> <span class='ocrx_word' id='word_1_15' title='bbox 1038 303 1214 345; x_wconf 90' lang='lat' dir='ltr'>nomine</span> <span class='ocrx_word' id='word_1_16' title='bbox 1235 303 1363 352; x_wconf 82' lang='lat' dir='ltr'>uires,</span> 
     </span>
     <span class='ocr_line' id='line_1_4' title="bbox 334 377 1372 433; baseline -0.001 -14"><span class='ocrx_word' id='word_1_17' title='bbox 334 377 506 433; x_wconf 88' lang='lat' dir='ltr'>pondus</span> <span class='ocrx_word' id='word_1_18' title='bbox 527 377 594 419; x_wconf 93' lang='lat' dir='ltr'>uti</span> <span class='ocrx_word' id='word_1_19' title='bbox 615 377 747 419; x_wconf 88' lang='lat' dir='ltr'>rebus</span> <span class='ocrx_word' id='word_1_20' title='bbox 766 391 952 433; x_wconf 82' lang='lat' dir='ltr'>persona</span> <span class='ocrx_word' id='word_1_21' title='bbox 972 377 1196 433; x_wconf 81' lang='lat' dir='ltr'>imponere</span> <span class='ocrx_word' id='word_1_22' title='bbox 1216 380 1372 433; x_wconf 87' lang='lat' dir='ltr'>posset.</span> 
     </span>
     <span class='ocr_line' id='line_1_5' title="bbox 335 451 1424 507; baseline -0.002 -14"><span class='ocrx_word' id='word_1_23' title='bbox 335 451 600 507; x_wconf 83' lang='lat' dir='ltr'>Lanigerum</span> <span class='ocrx_word' id='word_1_24' title='bbox 622 451 778 500; x_wconf 86' lang='lat' dir='ltr'>Pallas,</span> <span class='ocrx_word' id='word_1_25' title='bbox 801 451 994 493; x_wconf 86' lang='lat' dir='ltr'>Taurum</span> <span class='ocrx_word' id='word_1_26' title='bbox 1018 451 1241 506; x_wconf 74' lang='lat' dir='ltr'>Cytherea</span> <span class='ocrx_word' id='word_1_27' title='bbox 1261 453 1424 500; x_wconf 87' lang='lat' dir='ltr'>tuetur,</span> 
     </span>
    </p>

    <p class='ocr_par' dir='ltr' id='par_1_3' title="bbox 208 525 1531 804">
     <span class='ocr_line' id='line_1_6' title="bbox 208 525 1519 581; baseline 0 -15"><span class='ocrx_word' id='word_1_28' title='bbox 208 534 274 567; x_wconf 80' lang='grc'>440</span> <span class='ocrx_word' id='word_1_29' title='bbox 333 526 547 568; x_wconf 83' lang='lat' dir='ltr'>formosos</span> <span class='ocrx_word' id='word_1_30' title='bbox 569 525 770 567; x_wconf 89' lang='lat' dir='ltr'>Phoebus</span> <span class='ocrx_word' id='word_1_31' title='bbox 792 525 1021 575; x_wconf 76' lang='lat' dir='ltr'>Geminos3</span> <span class='ocrx_word' id='word_1_32' title='bbox 1053 525 1265 581; x_wconf 87' lang='lat' dir='ltr'>Cyllenie,</span> <span class='ocrx_word' id='word_1_33' title='bbox 1286 525 1519 575; x_wconf 81' lang='lat' dir='ltr'>Cancrum,</span> 
     </span>
     <span class='ocr_line' id='line_1_7' title="bbox 333 599 1531 656; baseline 0.001 -16"><span class='ocrx_word' id='word_1_34' title='bbox 333 600 546 656; x_wconf 90' lang='lat' dir='ltr'>Iuppiter,</span> <span class='ocrx_word' id='word_1_35' title='bbox 567 602 612 641; x_wconf 90' lang='lat' dir='ltr'>et</span> <span class='ocrx_word' id='word_1_36' title='bbox 632 614 729 641; x_wconf 85' lang='lat' dir='ltr'>eum</span> <span class='ocrx_word' id='word_1_37' title='bbox 753 602 894 641; x_wconf 83' lang='lat' dir='ltr'>matre</span> <span class='ocrx_word' id='word_1_38' title='bbox 916 599 1047 641; x_wconf 88' lang='lat' dir='ltr'>deum</span> <span class='ocrx_word' id='word_1_39' title='bbox 1068 600 1184 655; x_wconf 88' lang='lat' dir='ltr'>regis</span> <span class='ocrx_word' id='word_1_40' title='bbox 1204 600 1296 655; x_wconf 88' lang='lat' dir='ltr'>ipse</span> <span class='ocrx_word' id='word_1_41' title='bbox 1319 599 1531 650; x_wconf 85' lang='lat' dir='ltr'>Leonem;</span> 
     </span>
     <span class='ocr_line' id='line_1_8' title="bbox 332 673 1457 730; baseline 0 -15"><span class='ocrx_word' id='word_1_42' title='bbox 332 673 539 730; x_wconf 82' lang='lat' dir='ltr'>spicifera</span> <span class='ocrx_word' id='word_1_43' title='bbox 559 677 626 716; x_wconf 85' lang='lat' dir='ltr'>est</span> <span class='ocrx_word' id='word_1_44' title='bbox 647 673 785 729; x_wconf 86' lang='lat' dir='ltr'>Virgo</span> <span class='ocrx_word' id='word_1_45' title='bbox 806 673 978 716; x_wconf 82' lang='lat' dir='ltr'>Cereris</span> <span class='ocrx_word' id='word_1_46' title='bbox 999 673 1302 730; x_wconf 79' lang='lat' dir='ltr'>fabricataque</span> <span class='ocrx_word' id='word_1_47' title='bbox 1324 673 1457 715; x_wconf 86' lang='lat' dir='ltr'>Libra</span> 
     </span>
     <span class='ocr_line' id='line_1_9' title="bbox 333 748 1390 804; baseline 0.002 -16"><span class='ocrx_word' id='word_1_48' title='bbox 333 748 543 798; x_wconf 82' lang='lat' dir='ltr'>Vulcani3</span> <span class='ocrx_word' id='word_1_49' title='bbox 573 762 757 804; x_wconf 82' lang='lat' dir='ltr'>pugnax</span> <span class='ocrx_word' id='word_1_50' title='bbox 779 748 971 790; x_wconf 84' lang='lat' dir='ltr'>Mauorti</span> <span class='ocrx_word' id='word_1_51' title='bbox 994 748 1194 804; x_wconf 84' lang='lat' dir='ltr'>Scorpios</span> <span class='ocrx_word' id='word_1_52' title='bbox 1215 749 1390 799; x_wconf 80' lang='lat' dir='ltr'>haeret3</span> 
     </span>
    </p>
   </div>
   <div class='ocr_carea' id='block_1_3' title="bbox 151 927 1705 2930">
    <p class='ocr_par' dir='ltr' id='par_1_4' title="bbox 151 927 1705 2930">
     <span class='ocr_line' id='line_1_10' title="bbox 158 927 1699 970; baseline -0.001 -9"><span class='ocrx_word' id='word_1_53' title='bbox 158 929 310 961; x_wconf 82' lang='lat' dir='ltr'>uolucres</span> <span class='ocrx_word' id='word_1_54' title='bbox 333 929 411 970; x_wconf 68' lang='lat' dir='ltr'>leyic</span> <span class='ocrx_word' id='word_1_55' title='bbox 434 929 520 961; x_wconf 80' lang='lat' dir='ltr'>mihi</span> <span class='ocrx_word' id='word_1_56' title='bbox 541 929 711 970; x_wconf 72' lang='lat' dir='ltr'>yrandior</span> <span class='ocrx_word' id='word_1_57' title='bbox 738 940 832 968; x_wconf 79' lang='lat' dir='ltr'>aeno,</span> <span class='ocrx_word' id='word_1_58' title='bbox 855 929 860 968; x_wconf 84' lang='lat' dir='ltr'>l</span> <span class='ocrx_word' id='word_1_59' title='bbox 882 940 1032 970; x_wconf 82' lang='lat' dir='ltr'>quaeque</span> <span class='ocrx_word' id='word_1_60' title='bbox 1056 934 1147 961; x_wconf 74' lang='lat' dir='ltr'>nocet</span> <span class='ocrx_word' id='word_1_61' title='bbox 1174 940 1321 970; x_wconf 74' lang='lat' dir='ltr'>serpens,</span> <span class='ocrx_word' id='word_1_62' title='bbox 1347 939 1434 970; x_wconf 80' lang='lat' dir='ltr'>quae</span> <span class='ocrx_word' id='word_1_63' title='bbox 1461 928 1559 960; x_wconf 74' lang='lat' dir='ltr'>iuuat</span> <span class='ocrx_word' id='word_1_64' title='bbox 1586 927 1699 966; x_wconf 79' lang='lat' dir='ltr'>herba,</span> 
     </span>
     <span class='ocr_line' id='line_1_11' title="bbox 159 978 1702 1020; baseline -0.001 -8"><span class='ocrx_word' id='word_1_65' title='bbox 159 981 291 1019; x_wconf 66' lang='lat' dir='ltr'>IUacer,</span> <span class='ocrx_word' id='word_1_66' title='bbox 320 980 380 1013; x_wconf 89' lang='lat' dir='ltr'>ubi</span> <span class='ocrx_word' id='word_1_67' title='bbox 403 980 485 1012; x_wconf 86' lang='lat' dir='ltr'>libri</span> <span class='ocrx_word' id='word_1_68' title='bbox 509 981 623 1013; x_wconf 88' lang='lat' dir='ltr'>minus</span> <span class='ocrx_word' id='word_1_69' title='bbox 647 980 729 1012; x_wconf 90' lang='lat' dir='ltr'>boni</span> <span class='ocrx_word' id='word_1_70' title='bbox 754 986 842 1012; x_wconf 69' lang='lat' dir='ltr'>necet</span> <span class='ocrx_word' id='word_1_71' title='bbox 867 984 903 1012; x_wconf 89' lang='lat' dir='ltr'>et</span> <span class='ocrx_word' id='word_1_72' title='bbox 926 980 1018 1012; x_wconf 73' lang='lat' dir='ltr'>iuuet</span> <span class='ocrx_word' id='word_1_73' title='bbox 1128 980 1278 1011; x_wconf 80' lang='lat'>436-438</span> <span class='ocrx_word' id='word_1_74' title='bbox 1302 980 1471 1012; x_wconf 84' lang='lat' dir='ltr'>Prodicus</span> <span class='ocrx_word' id='word_1_75' title='bbox 1494 980 1585 1012; x_wconf 86' lang='lat' dir='ltr'>Ceus</span> <span class='ocrx_word' id='word_1_76' title='bbox 1608 978 1702 1020; x_wconf 82' lang='lat' dir='ltr'>apud</span> 
     </span>
     <span class='ocr_line' id='line_1_12' title="bbox 159 1031 1703 1074; baseline -0.001 -10"><span class='ocrx_word' id='word_1_77' title='bbox 159 1031 255 1064; x_wconf 77' lang='lat' dir='ltr'>Sext.</span> <span class='ocrx_word' id='word_1_78' title='bbox 280 1043 369 1074; x_wconf 84' lang='lat' dir='ltr'>emp.</span> <span class='ocrx_word' id='word_1_79' title='bbox 395 1034 472 1073; x_wconf 84' lang='grc' dir='ltr'>πρὸς</span> <span class='ocrx_word' id='word_1_80' title='bbox 494 1037 568 1072; x_wconf 73' lang='grc' dir='ltr'>φυσ.</span> <span class='ocrx_word' id='word_1_81' title='bbox 590 1041 603 1064; x_wconf 95' lang='lat'>1</span> <span class='ocrx_word' id='word_1_82' title='bbox 622 1034 661 1064; x_wconf 81' lang='lat'>18</span> <span class='ocrx_word' id='word_1_83' title='bbox 683 1034 821 1064; x_wconf 80' lang='grc' dir='ltr'>καθόλου</span> <span class='ocrx_word' id='word_1_84' title='bbox 843 1034 949 1063; x_wconf 81' lang='grc' dir='ltr'>πάντα</span> <span class='ocrx_word' id='word_1_85' title='bbox 971 1034 1011 1064; x_wconf 87' lang='grc' dir='ltr'>τὰ,</span> <span class='ocrx_word' id='word_1_86' title='bbox 1035 1034 1223 1072; x_wconf 81' lang='grc' dir='ltr'>ὠφελοῦντα</span> <span class='ocrx_word' id='word_1_87' title='bbox 1244 1034 1299 1064; x_wconf 86' lang='grc' dir='ltr'>τὸν</span> <span class='ocrx_word' id='word_1_88' title='bbox 1319 1034 1390 1073; x_wconf 86' lang='grc' dir='ltr'>βίον</span> <span class='ocrx_word' id='word_1_89' title='bbox 1411 1033 1498 1071; x_wconf 79' lang='grc' dir='ltr'>ἡμῶν</span> <span class='ocrx_word' id='word_1_90' title='bbox 1519 1033 1548 1063; x_wconf 79' lang='grc' dir='ltr'>οἱ</span> <span class='ocrx_word' id='word_1_91' title='bbox 1569 1032 1703 1062; x_wconf 79' lang='grc' dir='ltr'>παλαιοὶ</span> 
     </span>
     <span class='ocr_line' id='line_1_13' title="bbox 158 1081 1704 1126; baseline 0 -12"><span class='ocrx_word' id='word_1_92' title='bbox 158 1085 254 1116; x_wconf 79' lang='grc' dir='ltr'><em>θεοὺσ</em></span> <span class='ocrx_word' id='word_1_93' title='bbox 269 1082 430 1122; x_wconf 81' lang='grc' dir='ltr'>ἐνόμισαν,</span> <span class='ocrx_word' id='word_1_94' title='bbox 451 1083 572 1116; x_wconf 88' lang='lat' dir='ltr'>Cicero</span> <span class='ocrx_word' id='word_1_95' title='bbox 588 1083 660 1116; x_wconf 88' lang='lat' dir='ltr'>n.d.</span> <span class='ocrx_word' id='word_1_96' title='bbox 682 1093 711 1115; x_wconf 89' lang='lat'>11</span> <span class='ocrx_word' id='word_1_97' title='bbox 728 1084 770 1115; x_wconf 83' lang='lat'>60</span> <span class='ocrx_word' id='word_1_98' title='bbox 786 1095 835 1126; x_wconf 87' lang='lat' dir='ltr'>sq.</span> <span class='ocrx_word' id='word_1_99' title='bbox 856 1094 897 1115; x_wconf 86' lang='lat' dir='ltr'>ex</span> <span class='ocrx_word' id='word_1_100' title='bbox 915 1083 1112 1116; x_wconf 87' lang='lat' dir='ltr'>Stoicorum</span> <span class='ocrx_word' id='word_1_101' title='bbox 1133 1084 1311 1116; x_wconf 85' lang='lat' dir='ltr'>sententia</span> <span class='ocrx_word' id='word_1_102' title='bbox 1331 1084 1517 1125; x_wconf 82' lang='lat' dir='ltr'>disputans</span> <span class='ocrx_word' id='word_1_103' title='bbox 1533 1081 1704 1124; x_wconf 79' lang='lat' dir='ltr'>quidquid</span> 
     </span>
     <span class='ocr_line' id='line_1_14' title="bbox 188 1134 1704 1176; baseline -0.001 -9"><span class='ocrx_word' id='word_1_104' title='bbox 188 1160 195 1167; x_wconf 94' lang='lat'>.</span> <span class='ocrx_word' id='word_1_105' title='bbox 217 1160 224 1167; x_wconf 93' lang='lat'>.</span> <span class='ocrx_word' id='word_1_106' title='bbox 246 1145 408 1176; x_wconf 64' lang='lat' dir='ltr'>magnam</span> <span class='ocrx_word' id='word_1_107' title='bbox 424 1135 606 1167; x_wconf 72' lang='lat' dir='ltr'>utilitatem</span> <span class='ocrx_word' id='word_1_108' title='bbox 617 1135 732 1176; x_wconf 75' lang='lat' dir='ltr'>yeneri</span> <span class='ocrx_word' id='word_1_109' title='bbox 746 1136 898 1176; x_wconf 71' lang='lat' dir='ltr'>adferret</span> <span class='ocrx_word' id='word_1_110' title='bbox 915 1135 1076 1174; x_wconf 76' lang='lat' dir='ltr'>humano,</span> <span class='ocrx_word' id='word_1_111' title='bbox 1096 1135 1133 1167; x_wconf 73' lang='lat' dir='ltr'>id</span> <span class='ocrx_word' id='word_1_112' title='bbox 1148 1146 1214 1167; x_wconf 78' lang='lat' dir='ltr'>non</span> <span class='ocrx_word' id='word_1_113' title='bbox 1229 1135 1299 1167; x_wconf 82' lang='lat' dir='ltr'>sine</span> <span class='ocrx_word' id='word_1_114' title='bbox 1315 1134 1437 1167; x_wconf 78' lang='lat' dir='ltr'>diuina</span> <span class='ocrx_word' id='word_1_115' title='bbox 1460 1135 1606 1166; x_wconf 77' lang='lat' dir='ltr'>bonitate</span> <span class='ocrx_word' id='word_1_116' title='bbox 1621 1144 1704 1174; x_wconf 81' lang='lat' dir='ltr'>er9a</span> 
     </span>
     <span class='ocr_line' id='line_1_15' title="bbox 156 1185 1704 1228; baseline -0.001 -10"><span class='ocrx_word' id='word_1_117' title='bbox 156 1187 308 1218; x_wconf 78' lang='lat' dir='ltr'>homines</span> <span class='ocrx_word' id='word_1_118' title='bbox 319 1186 405 1227; x_wconf 86' lang='lat' dir='ltr'>fieri</span> <span class='ocrx_word' id='word_1_119' title='bbox 424 1186 686 1218; x_wconf 71' lang='lat' dir='ltr'>arbitrabantur</span> <span class='ocrx_word' id='word_1_120' title='bbox 704 1186 883 1225; x_wconf 83' lang='lat' dir='ltr'>(Graeciae</span> <span class='ocrx_word' id='word_1_121' title='bbox 906 1187 1156 1228; x_wconf 79' lang='lat' dir='ltr'>sapientissimi</span> <span class='ocrx_word' id='word_1_122' title='bbox 1177 1190 1214 1218; x_wconf 83' lang='lat' dir='ltr'>et</span> <span class='ocrx_word' id='word_1_123' title='bbox 1234 1187 1382 1218; x_wconf 84' lang='lat' dir='ltr'>maiores</span> <span class='ocrx_word' id='word_1_124' title='bbox 1402 1186 1540 1225; x_wconf 82' lang='lat' dir='ltr'>nostri).</span> <span class='ocrx_word' id='word_1_125' title='bbox 1588 1185 1704 1226; x_wconf 71' lang='lat' dir='ltr'>itaque</span> 
     </span>
     <span class='ocr_line' id='line_1_16' title="bbox 157 1237 1704 1279; baseline -0.001 -9"><span class='ocrx_word' id='word_1_126' title='bbox 157 1244 229 1270; x_wconf 74' lang='lat' dir='ltr'>lum</span> <span class='ocrx_word' id='word_1_127' title='bbox 245 1238 344 1276; x_wconf 73' lang='lat' dir='ltr'>illud,</span> <span class='ocrx_word' id='word_1_128' title='bbox 362 1239 453 1279; x_wconf 75' lang='lat' dir='ltr'>quod</span> <span class='ocrx_word' id='word_1_129' title='bbox 469 1242 541 1270; x_wconf 75' lang='lat' dir='ltr'>erat</span> <span class='ocrx_word' id='word_1_130' title='bbox 558 1249 580 1270; x_wconf 91' lang='lat' dir='ltr'>a</span> <span class='ocrx_word' id='word_1_131' title='bbox 597 1238 657 1270; x_wconf 83' lang='lat' dir='ltr'>deo</span> <span class='ocrx_word' id='word_1_132' title='bbox 673 1243 804 1276; x_wconf 75' lang='lat' dir='ltr'>natum,</span> <span class='ocrx_word' id='word_1_133' title='bbox 823 1238 957 1270; x_wconf 86' lang='lat' dir='ltr'>nomine</span> <span class='ocrx_word' id='word_1_134' title='bbox 979 1238 1087 1279; x_wconf 68' lang='lat' dir='ltr'>ipsius</span> <span class='ocrx_word' id='word_1_135' title='bbox 1102 1238 1156 1270; x_wconf 76' lang='lat' dir='ltr'>dei</span> <span class='ocrx_word' id='word_1_136' title='bbox 1172 1238 1426 1279; x_wconf 71' lang='lat' dir='ltr'>nuncupabant,</span> <span class='ocrx_word' id='word_1_137' title='bbox 1445 1242 1481 1270; x_wconf 69' lang='lat' dir='ltr'>ut</span> <span class='ocrx_word' id='word_1_138' title='bbox 1497 1237 1704 1279; x_wconf 72' lang='lat' dir='ltr'>cumsruyes</span> 
     </span>
     <span class='ocr_line' id='line_1_17' title="bbox 159 1289 1702 1331; baseline -0.002 -9"><span class='ocrx_word' id='word_1_139' title='bbox 159 1289 313 1322; x_wconf 87' lang='lat' dir='ltr'>Cererem</span> <span class='ocrx_word' id='word_1_140' title='bbox 336 1290 562 1331; x_wconf 75' lang='lat' dir='ltr'>appellamus,</span> <span class='ocrx_word' id='word_1_141' title='bbox 586 1290 707 1322; x_wconf 87' lang='lat' dir='ltr'>uinum</span> <span class='ocrx_word' id='word_1_142' title='bbox 730 1295 842 1322; x_wconf 79' lang='lat' dir='ltr'>autem</span> <span class='ocrx_word' id='word_1_143' title='bbox 863 1290 1026 1321; x_wconf 82' lang='lat' dir='ltr'>Liberum</span> <span class='ocrx_word' id='word_1_144' title='bbox 1042 1314 1049 1321; x_wconf 91' lang='lat'>.</span> <span class='ocrx_word' id='word_1_145' title='bbox 1071 1315 1078 1322; x_wconf 94' lang='lat'>.</span> <span class='ocrx_word' id='word_1_146' title='bbox 1101 1314 1108 1321; x_wconf 91' lang='lat'>.</span> <span class='ocrx_word' id='word_1_147' title='bbox 1128 1301 1142 1329; x_wconf 82' lang='lat'><em>;</em></span> <span class='ocrx_word' id='word_1_148' title='bbox 1165 1296 1235 1322; x_wconf 69' lang='lat' dir='ltr'>cum</span> <span class='ocrx_word' id='word_1_149' title='bbox 1258 1296 1373 1322; x_wconf 67' lang='lat' dir='ltr'>autem</span> <span class='ocrx_word' id='word_1_150' title='bbox 1394 1300 1447 1322; x_wconf 84' lang='lat' dir='ltr'>res</span> <span class='ocrx_word' id='word_1_151' title='bbox 1469 1290 1557 1331; x_wconf 81' lang='lat' dir='ltr'>ipsa,</span> <span class='ocrx_word' id='word_1_152' title='bbox 1576 1289 1613 1321; x_wconf 84' lang='lat' dir='ltr'>in</span> <span class='ocrx_word' id='word_1_153' title='bbox 1634 1299 1702 1330; x_wconf 79' lang='lat' dir='ltr'>qua</span> 
     </span>
     <span class='ocr_line' id='line_1_18' title="bbox 157 1341 1703 1382; baseline -0.001 -9"><span class='ocrx_word' id='word_1_154' title='bbox 157 1341 211 1373; x_wconf 83' lang='lat' dir='ltr'>uis</span> <span class='ocrx_word' id='word_1_155' title='bbox 233 1346 279 1373; x_wconf 80' lang='lat' dir='ltr'>est</span> <span class='ocrx_word' id='word_1_156' title='bbox 303 1341 416 1373; x_wconf 85' lang='lat' dir='ltr'>maior</span> <span class='ocrx_word' id='word_1_157' title='bbox 438 1341 571 1382; x_wconf 79' lang='lat' dir='ltr'>aliqua,</span> <span class='ocrx_word' id='word_1_158' title='bbox 597 1341 644 1373; x_wconf 84' lang='lat' dir='ltr'>sic</span> <span class='ocrx_word' id='word_1_159' title='bbox 668 1342 875 1382; x_wconf 76' lang='lat' dir='ltr'>appellatur,</span> <span class='ocrx_word' id='word_1_160' title='bbox 901 1346 937 1372; x_wconf 78' lang='lat' dir='ltr'>ut</span> <span class='ocrx_word' id='word_1_161' title='bbox 961 1352 1000 1373; x_wconf 86' lang='lat' dir='ltr'>ea</span> <span class='ocrx_word' id='word_1_162' title='bbox 1025 1341 1100 1382; x_wconf 75' lang='lat' dir='ltr'>ipsa</span> <span class='ocrx_word' id='word_1_163' title='bbox 1124 1342 1315 1373; x_wconf 72' lang='lat' dir='ltr'>nominetur</span> <span class='ocrx_word' id='word_1_164' title='bbox 1338 1342 1430 1380; x_wconf 81' lang='lat' dir='ltr'>deus,</span> <span class='ocrx_word' id='word_1_165' title='bbox 1460 1346 1496 1372; x_wconf 72' lang='lat' dir='ltr'>uc</span> <span class='ocrx_word' id='word_1_166' title='bbox 1523 1341 1637 1380; x_wconf 79' lang='lat' dir='ltr'>Fides,</span> <span class='ocrx_word' id='word_1_167' title='bbox 1666 1346 1703 1373; x_wconf 75' lang='lat' dir='ltr'>uc</span> 
     </span>
     <span class='ocr_line' id='line_1_19' title="bbox 161 1392 1705 1434; baseline 0.001 -10"><span class='ocrx_word' id='word_1_168' title='bbox 161 1393 258 1424; x_wconf 83' lang='lat' dir='ltr'>Mens</span> <span class='ocrx_word' id='word_1_169' title='bbox 275 1417 282 1425; x_wconf 88' lang='lat'>.</span> <span class='ocrx_word' id='word_1_170' title='bbox 304 1418 311 1425; x_wconf 99' lang='lat'>.</span> <span class='ocrx_word' id='word_1_171' title='bbox 333 1417 340 1424; x_wconf 95' lang='lat'>.</span> <span class='ocrx_word' id='word_1_172' title='bbox 360 1392 457 1425; x_wconf 82' lang='lat' dir='ltr'>uides</span> <span class='ocrx_word' id='word_1_173' title='bbox 482 1393 625 1424; x_wconf 77' lang='lat' dir='ltr'>Virtutis</span> <span class='ocrx_word' id='word_1_174' title='bbox 646 1393 818 1434; x_wconf 73' lang='lat' dir='ltr'>templum,</span> <span class='ocrx_word' id='word_1_175' title='bbox 838 1393 934 1424; x_wconf 83' lang='lat' dir='ltr'>uides</span> <span class='ocrx_word' id='word_1_176' title='bbox 955 1393 1108 1424; x_wconf 75' lang='lat' dir='ltr'>Honoris</span> <span class='ocrx_word' id='word_1_177' title='bbox 1126 1418 1132 1425; x_wconf 96' lang='lat'>.</span> <span class='ocrx_word' id='word_1_178' title='bbox 1154 1418 1161 1424; x_wconf 89' lang='lat'>.</span> <span class='ocrx_word' id='word_1_179' title='bbox 1183 1418 1189 1425; x_wconf 91' lang='lat'>.</span> <span class='ocrx_word' id='word_1_180' title='bbox 1212 1393 1295 1434; x_wconf 76' lang='lat' dir='ltr'>quid</span> <span class='ocrx_word' id='word_1_181' title='bbox 1313 1393 1423 1433; x_wconf 75' lang='lat' dir='ltr'>Opis?</span> <span class='ocrx_word' id='word_1_182' title='bbox 1446 1392 1530 1434; x_wconf 78' lang='lat' dir='ltr'>quid</span> <span class='ocrx_word' id='word_1_183' title='bbox 1548 1392 1705 1426; x_wconf 75' lang='lat' dir='ltr'>Salutis?</span> 
     </span>
     <span class='ocr_line' id='line_1_20' title="bbox 157 1444 1704 1485; baseline -0.001 -9"><span class='ocrx_word' id='word_1_184' title='bbox 157 1444 243 1485; x_wconf 84' lang='lat' dir='ltr'>quid</span> <span class='ocrx_word' id='word_1_185' title='bbox 267 1444 488 1482; x_wconf 79' lang='lat' dir='ltr'>Concordiae,</span> <span class='ocrx_word' id='word_1_186' title='bbox 515 1444 712 1482; x_wconf 72' lang='lat' dir='ltr'>Libertatis,</span> <span class='ocrx_word' id='word_1_187' title='bbox 743 1444 938 1476; x_wconf 71' lang='lat' dir='ltr'>Victoriae?</span> <span class='ocrx_word' id='word_1_188' title='bbox 964 1455 1111 1485; x_wconf 74' lang='lat' dir='ltr'>quarum</span> <span class='ocrx_word' id='word_1_189' title='bbox 1135 1444 1286 1476; x_wconf 71' lang='lat' dir='ltr'>omniu-m</span> <span class='ocrx_word' id='word_1_190' title='bbox 1309 1455 1423 1476; x_wconf 84' lang='lat' dir='ltr'>rerum</span> <span class='ocrx_word' id='word_1_191' title='bbox 1447 1444 1531 1485; x_wconf 80' lang='lat' dir='ltr'>quia</span> <span class='ocrx_word' id='word_1_192' title='bbox 1554 1444 1608 1476; x_wconf 86' lang='lat' dir='ltr'>nis</span> <span class='ocrx_word' id='word_1_193' title='bbox 1630 1449 1704 1476; x_wconf 73' lang='lat' dir='ltr'>erat</span> 
     </span>
     <span class='ocr_line' id='line_1_21' title="bbox 156 1495 1704 1537; baseline 0.001 -10"><span class='ocrx_word' id='word_1_194' title='bbox 156 1500 266 1534; x_wconf 77' lang='lat' dir='ltr'>tanta,</span> <span class='ocrx_word' id='word_1_195' title='bbox 286 1500 321 1527; x_wconf 71' lang='lat' dir='ltr'>ut</span> <span class='ocrx_word' id='word_1_196' title='bbox 337 1495 407 1527; x_wconf 75' lang='lat' dir='ltr'>sine</span> <span class='ocrx_word' id='word_1_197' title='bbox 426 1496 486 1527; x_wconf 68' lang='lat' dir='ltr'>deo</span> <span class='ocrx_word' id='word_1_198' title='bbox 508 1495 580 1536; x_wconf 56' lang='grc' dir='ltr'>νεῖμ’</span> <span class='ocrx_word' id='word_1_199' title='bbox 600 1506 668 1527; x_wconf 83' lang='lat' dir='ltr'>non</span> <span class='ocrx_word' id='word_1_200' title='bbox 686 1501 807 1536; x_wconf 75' lang='lat' dir='ltr'>posset,</span> <span class='ocrx_word' id='word_1_201' title='bbox 827 1495 905 1536; x_wconf 79' lang='lat' dir='ltr'>ipsa</span> <span class='ocrx_word' id='word_1_202' title='bbox 926 1506 978 1527; x_wconf 83' lang='lat' dir='ltr'>res</span> <span class='ocrx_word' id='word_1_203' title='bbox 1001 1496 1141 1527; x_wconf 78' lang='lat' dir='ltr'>deorum</span> <span class='ocrx_word' id='word_1_204' title='bbox 1157 1507 1276 1527; x_wconf 82' lang='lat' dir='ltr'>nomeu</span> <span class='ocrx_word' id='word_1_205' title='bbox 1297 1496 1450 1528; x_wconf 71' lang='lat' dir='ltr'>obtinuit.</span> <span class='ocrx_word' id='word_1_206' title='bbox 1499 1496 1597 1534; x_wconf 89' lang='lat' dir='ltr'>haec,</span> <span class='ocrx_word' id='word_1_207' title='bbox 1615 1507 1704 1537; x_wconf 83' lang='lat' dir='ltr'>quae</span> 
     </span>
     <span class='ocr_line' id='line_1_22' title="bbox 157 1546 1703 1589; baseline 0.001 -11"><span class='ocrx_word' id='word_1_208' title='bbox 157 1546 287 1579; x_wconf 82' lang='lat' dir='ltr'>Balbus</span> <span class='ocrx_word' id='word_1_209' title='bbox 307 1546 401 1589; x_wconf 86' lang='lat' dir='ltr'>apud</span> <span class='ocrx_word' id='word_1_210' title='bbox 424 1547 626 1580; x_wconf 83' lang='lat' dir='ltr'>Ciceronem</span> <span class='ocrx_word' id='word_1_211' title='bbox 646 1547 815 1586; x_wconf 87' lang='lat' dir='ltr'>homines,</span> <span class='ocrx_word' id='word_1_212' title='bbox 835 1547 1004 1579; x_wconf 83' lang='lat' dir='ltr'>Manilius</span> <span class='ocrx_word' id='word_1_213' title='bbox 1027 1558 1140 1579; x_wconf 78' lang='lat' dir='ltr'>rerum</span> <span class='ocrx_word' id='word_1_214' title='bbox 1162 1552 1323 1579; x_wconf 80' lang='lat' dir='ltr'>naturam</span> <span class='ocrx_word' id='word_1_215' title='bbox 1346 1548 1571 1579; x_wconf 76' lang='lat' dir='ltr'>constituisse</span> <span class='ocrx_word' id='word_1_216' title='bbox 1592 1547 1703 1585; x_wconf 55' lang='lat' dir='ltr'>dicim</span> 
     </span>
     <span class='ocr_line' id='line_1_23' title="bbox 157 1599 1704 1640; baseline 0 -10"><span class='ocrx_word' id='word_1_217' title='bbox 157 1609 239 1630; x_wconf 86' lang='lat' dir='ltr'>num</span> <span class='ocrx_word' id='word_1_218' title='bbox 257 1601 440 1640; x_wconf 84' lang='lat' dir='ltr'>praeterea</span> <span class='ocrx_word' id='word_1_219' title='bbox 455 1599 653 1640; x_wconf 85' lang='lat' dir='ltr'>quisquam,</span> <span class='ocrx_word' id='word_1_220' title='bbox 672 1599 798 1631; x_wconf 85' lang='lat' dir='ltr'>nescio.</span> <span class='ocrx_word' id='word_1_221' title='bbox 848 1599 950 1630; x_wconf 86' lang='lat' dir='ltr'>deum</span> <span class='ocrx_word' id='word_1_222' title='bbox 967 1599 1149 1638; x_wconf 70' lang='lat' dir='ltr'>(senicorem</span> <span class='ocrx_word' id='word_1_223' title='bbox 1165 1599 1334 1631; x_wconf 66' lang='lat' dir='ltr'>uirtutum</span> <span class='ocrx_word' id='word_1_224' title='bbox 1349 1599 1525 1640; x_wconf 75' lang='lat' dir='ltr'>ipsamque</span> <span class='ocrx_word' id='word_1_225' title='bbox 1541 1599 1704 1631; x_wconf 75' lang='lat' dir='ltr'>uirtutem</span> 
     </span>
     <span class='ocr_line' id='line_1_24' title="bbox 156 1649 1704 1693; baseline 0 -11"><span class='ocrx_word' id='word_1_226' title='bbox 156 1653 262 1682; x_wconf 81' lang='lat' dir='ltr'>uocat</span> <span class='ocrx_word' id='word_1_227' title='bbox 277 1649 473 1692; x_wconf 85' lang='lat' dir='ltr'>Appuleius</span> <span class='ocrx_word' id='word_1_228' title='bbox 490 1649 534 1682; x_wconf 88' lang='lat' dir='ltr'>de</span> <span class='ocrx_word' id='word_1_229' title='bbox 550 1650 682 1682; x_wconf 85' lang='lat' dir='ltr'>mundo</span> <span class='ocrx_word' id='word_1_230' title='bbox 694 1651 733 1682; x_wconf 88' lang='lat'>31</span> <span class='ocrx_word' id='word_1_231' title='bbox 825 1650 888 1680; x_wconf 86' lang='lat'>438</span> <span class='ocrx_word' id='word_1_232' title='bbox 912 1655 1033 1689; x_wconf 77' lang='lat' dir='ltr'>posset</span> <span class='ocrx_word' id='word_1_233' title='bbox 1049 1661 1126 1682; x_wconf 87' lang='lat' dir='ltr'>eum</span> <span class='ocrx_word' id='word_1_234' title='bbox 1145 1650 1395 1683; x_wconf 83' lang='lat' dir='ltr'>Bonincontrio</span> <span class='ocrx_word' id='word_1_235' title='bbox 1411 1650 1644 1693; x_wconf 84' lang='lat' dir='ltr'>Tappertzius</span> <span class='ocrx_word' id='word_1_236' title='bbox 1660 1650 1704 1682; x_wconf 77' lang='lat' dir='ltr'>(le</span> 
     </span>
     <span class='ocr_line' id='line_1_25' title="bbox 155 1701 1700 1745; baseline 0.001 -12"><span class='ocrx_word' id='word_1_237' title='bbox 155 1701 442 1733; x_wconf 84' lang='lat' dir='ltr'>coniunctionum</span> <span class='ocrx_word' id='word_1_238' title='bbox 460 1712 525 1733; x_wconf 87' lang='lat' dir='ltr'>usu</span> <span class='ocrx_word' id='word_1_239' title='bbox 537 1702 633 1743; x_wconf 88' lang='lat' dir='ltr'>apud</span> <span class='ocrx_word' id='word_1_240' title='bbox 650 1702 744 1733; x_wconf 87' lang='lat' dir='ltr'>Man.</span> <span class='ocrx_word' id='word_1_241' title='bbox 766 1702 849 1733; x_wconf 82' lang='lat'>1892</span> <span class='ocrx_word' id='word_1_242' title='bbox 864 1712 896 1743; x_wconf 90' lang='lat' dir='ltr'>p.</span> <span class='ocrx_word' id='word_1_243' title='bbox 913 1703 965 1740; x_wconf 83' lang='lat'>76,</span> <span class='ocrx_word' id='word_1_244' title='bbox 981 1705 1095 1741; x_wconf 75' lang='lat' dir='ltr'>possit</span> <span class='ocrx_word' id='word_1_245' title='bbox 1107 1702 1200 1741; x_wconf 89' lang='lat' dir='ltr'>libri,</span> <span class='ocrx_word' id='word_1_246' title='bbox 1216 1702 1401 1745; x_wconf 86' lang='lat' dir='ltr'>quodcum</span> <span class='ocrx_word' id='word_1_247' title='bbox 1415 1707 1557 1734; x_wconf 87' lang='lat' dir='ltr'>seruent</span> <span class='ocrx_word' id='word_1_248' title='bbox 1569 1712 1700 1740; x_wconf 88' lang='lat' dir='ltr'>omnes,</span> 
     </span>
     <span class='ocr_line' id='line_1_26' title="bbox 155 1752 1701 1793; baseline 0.001 -9"><span class='ocrx_word' id='word_1_249' title='bbox 155 1763 257 1784; x_wconf 85' lang='lat' dir='ltr'>nemo</span> <span class='ocrx_word' id='word_1_250' title='bbox 280 1752 450 1785; x_wconf 77' lang='lat' dir='ltr'>defendit.</span> <span class='ocrx_word' id='word_1_251' title='bbox 501 1753 592 1784; x_wconf 88' lang='lat' dir='ltr'>idem</span> <span class='ocrx_word' id='word_1_252' title='bbox 618 1764 713 1785; x_wconf 86' lang='lat' dir='ltr'>error</span> <span class='ocrx_word' id='word_1_253' title='bbox 738 1762 766 1784; x_wconf 89' lang='lat'>11</span> <span class='ocrx_word' id='word_1_254' title='bbox 793 1755 863 1791; x_wconf 88' lang='lat'>115,</span> <span class='ocrx_word' id='word_1_255' title='bbox 894 1754 966 1792; x_wconf 75' lang='lat'>121,</span> <span class='ocrx_word' id='word_1_256' title='bbox 993 1755 1068 1792; x_wconf 78' lang='lat'>479,</span> <span class='ocrx_word' id='word_1_257' title='bbox 1095 1763 1135 1785; x_wconf 75' lang='lat' dir='ltr'>IV</span> <span class='ocrx_word' id='word_1_258' title='bbox 1162 1755 1215 1792; x_wconf 84' lang='lat'>38,</span> <span class='ocrx_word' id='word_1_259' title='bbox 1245 1754 1319 1793; x_wconf 77' lang='lat'>627,</span> <span class='ocrx_word' id='word_1_260' title='bbox 1350 1754 1548 1786; x_wconf 84' lang='lat' dir='ltr'>contrarius</span> <span class='ocrx_word' id='word_1_261' title='bbox 1571 1763 1612 1785; x_wconf 89' lang='lat' dir='ltr'>1v</span> <span class='ocrx_word' id='word_1_262' title='bbox 1638 1754 1701 1786; x_wconf 84' lang='lat'>918</span> 
     </span>
     <span class='ocr_line' id='line_1_27' title="bbox 241 1803 1702 1848; baseline 0.001 -13"><span class='ocrx_word' id='word_1_263' title='bbox 241 1803 392 1836; x_wconf 79' lang='lat'>439-447</span> <span class='ocrx_word' id='word_1_264' title='bbox 416 1804 630 1845; x_wconf 65' lang='lat' dir='ltr'>Lanisserum</span> <span class='ocrx_word' id='word_1_265' title='bbox 646 1805 769 1836; x_wconf 84' lang='lat' dir='ltr'>Pallas</span> <span class='ocrx_word' id='word_1_266' title='bbox 786 1805 933 1844; x_wconf 77' lang='lat' dir='ltr'>textrix,</span> <span class='ocrx_word' id='word_1_267' title='bbox 959 1806 1113 1837; x_wconf 83' lang='lat' dir='ltr'>&#39;l&#39;aurum</span> <span class='ocrx_word' id='word_1_268' title='bbox 1129 1816 1212 1837; x_wconf 87' lang='lat' dir='ltr'>suae</span> <span class='ocrx_word' id='word_1_269' title='bbox 1233 1806 1414 1848; x_wconf 85' lang='lat' dir='ltr'>potentiae</span> <span class='ocrx_word' id='word_1_270' title='bbox 1436 1808 1702 1837; x_wconf 79' lang='lat' dir='ltr'>monumentum</span> 
     </span>
     <span class='ocr_line' id='line_1_28' title="bbox 155 1855 1702 1898; baseline 0 -9"><span class='ocrx_word' id='word_1_271' title='bbox 155 1855 322 1897; x_wconf 75' lang='lat' dir='ltr'>Cytherea</span> <span class='ocrx_word' id='word_1_272' title='bbox 339 1860 462 1895; x_wconf 74' lang='lat' dir='ltr'>tuetur,</span> <span class='ocrx_word' id='word_1_273' title='bbox 473 1857 646 1896; x_wconf 83' lang='lat' dir='ltr'>formosos</span> <span class='ocrx_word' id='word_1_274' title='bbox 667 1856 823 1888; x_wconf 77' lang='lat' dir='ltr'>Phoebus</span> <span class='ocrx_word' id='word_1_275' title='bbox 846 1857 1002 1888; x_wconf 81' lang='lat' dir='ltr'>Geminos</span> <span class='ocrx_word' id='word_1_276' title='bbox 1023 1857 1207 1888; x_wconf 83' lang='lat' dir='ltr'>formosior</span> <span class='ocrx_word' id='word_1_277' title='bbox 1229 1858 1314 1898; x_wconf 87' lang='lat' dir='ltr'>ipse,</span> <span class='ocrx_word' id='word_1_278' title='bbox 1335 1858 1507 1898; x_wconf 70' lang='lat' dir='ltr'>Cyllenius</span> <span class='ocrx_word' id='word_1_279' title='bbox 1528 1856 1702 1890; x_wconf 81' lang='lat' dir='ltr'>Cancrum</span> 
     </span>
     <span class='ocr_line' id='line_1_29' title="bbox 155 1907 1701 1951; baseline 0.001 -12"><span class='ocrx_word' id='word_1_280' title='bbox 155 1907 336 1939; x_wconf 78' lang='lat' dir='ltr'>testudine</span> <span class='ocrx_word' id='word_1_281' title='bbox 366 1918 440 1946; x_wconf 79' lang='lat' dir='ltr'>sua,</span> <span class='ocrx_word' id='word_1_282' title='bbox 473 1908 573 1939; x_wconf 85' lang='lat' dir='ltr'>euius</span> <span class='ocrx_word' id='word_1_283' title='bbox 604 1919 637 1940; x_wconf 88' lang='lat' dir='ltr'>u.</span> <span class='ocrx_word' id='word_1_284' title='bbox 677 1908 736 1940; x_wconf 85' lang='lat'>199</span> <span class='ocrx_word' id='word_1_285' title='bbox 768 1908 899 1940; x_wconf 87' lang='lat' dir='ltr'>mentio</span> <span class='ocrx_word' id='word_1_286' title='bbox 929 1908 1024 1940; x_wconf 86' lang='lat' dir='ltr'>facta</span> <span class='ocrx_word' id='word_1_287' title='bbox 1054 1913 1118 1947; x_wconf 77' lang='lat' dir='ltr'>est,</span> <span class='ocrx_word' id='word_1_288' title='bbox 1152 1920 1280 1941; x_wconf 87' lang='lat' dir='ltr'>euruae</span> <span class='ocrx_word' id='word_1_289' title='bbox 1311 1909 1407 1950; x_wconf 87' lang='lat' dir='ltr'>lyrae</span> <span class='ocrx_word' id='word_1_290' title='bbox 1443 1909 1581 1951; x_wconf 77' lang='lat' dir='ltr'>parenti</span> <span class='ocrx_word' id='word_1_291' title='bbox 1611 1919 1701 1941; x_wconf 88' lang='lat' dir='ltr'>com-</span> 
     </span>
     <span class='ocr_line' id='line_1_30' title="bbox 155 1958 1701 2001; baseline 0.001 -10"><span class='ocrx_word' id='word_1_292' title='bbox 155 1958 373 1998; x_wconf 86' lang='lat' dir='ltr'>mendatum,</span> <span class='ocrx_word' id='word_1_293' title='bbox 410 1959 571 2000; x_wconf 76' lang='lat' dir='ltr'>Iuppiter</span> <span class='ocrx_word' id='word_1_294' title='bbox 604 1959 748 1991; x_wconf 85' lang='lat' dir='ltr'>deorum</span> <span class='ocrx_word' id='word_1_295' title='bbox 783 1971 844 1991; x_wconf 79' lang='lat' dir='ltr'>rex</span> <span class='ocrx_word' id='word_1_296' title='bbox 878 1960 1030 1991; x_wconf 85' lang='lat' dir='ltr'>ferarum</span> <span class='ocrx_word' id='word_1_297' title='bbox 1071 1971 1185 2000; x_wconf 70' lang='lat' dir='ltr'>regem</span> <span class='ocrx_word' id='word_1_298' title='bbox 1225 1961 1370 1992; x_wconf 78' lang='lat' dir='ltr'>Leonem</span> <span class='ocrx_word' id='word_1_299' title='bbox 1407 1961 1504 2000; x_wconf 69' lang='lat' dir='ltr'>ressit,</span> <span class='ocrx_word' id='word_1_300' title='bbox 1536 1959 1701 2001; x_wconf 71' lang='lat' dir='ltr'>spicifera</span> 
     </span>
     <span class='ocr_line' id='line_1_31' title="bbox 154 2010 1702 2053; baseline 0.001 -11"><span class='ocrx_word' id='word_1_301' title='bbox 154 2015 201 2042; x_wconf 69' lang='lat' dir='ltr'>est</span> <span class='ocrx_word' id='word_1_302' title='bbox 236 2010 338 2051; x_wconf 70' lang='lat' dir='ltr'>Virqo</span> <span class='ocrx_word' id='word_1_303' title='bbox 371 2010 503 2043; x_wconf 83' lang='lat' dir='ltr'>Cereris</span> <span class='ocrx_word' id='word_1_304' title='bbox 530 2011 615 2043; x_wconf 84' lang='lat' dir='ltr'>deae</span> <span class='ocrx_word' id='word_1_305' title='bbox 643 2011 826 2053; x_wconf 80' lang='lat' dir='ltr'>spiciferae</span> <span class='ocrx_word' id='word_1_306' title='bbox 844 2011 1091 2052; x_wconf 80' lang='lat' dir='ltr'>fabricataque</span> <span class='ocrx_word' id='word_1_307' title='bbox 1117 2012 1225 2044; x_wconf 87' lang='lat' dir='ltr'>Libra</span> <span class='ocrx_word' id='word_1_308' title='bbox 1261 2012 1402 2044; x_wconf 61' lang='lat' dir='ltr'>Vulcani</span> <span class='ocrx_word' id='word_1_309' title='bbox 1427 2011 1529 2050; x_wconf 78' lang='lat' dir='ltr'>fabri,</span> <span class='ocrx_word' id='word_1_310' title='bbox 1554 2023 1702 2053; x_wconf 71' lang='lat' dir='ltr'>pugynax</span> 
     </span>
     <span class='ocr_line' id='line_1_32' title="bbox 155 2061 1702 2104; baseline 0.001 -10"><span class='ocrx_word' id='word_1_311' title='bbox 155 2061 317 2094; x_wconf 76' lang='lat' dir='ltr'>Mauorti</span> <span class='ocrx_word' id='word_1_312' title='bbox 337 2061 500 2094; x_wconf 85' lang='lat' dir='ltr'>bellatori</span> <span class='ocrx_word' id='word_1_313' title='bbox 523 2062 683 2103; x_wconf 76' lang='lat' dir='ltr'>Scorpios</span> <span class='ocrx_word' id='word_1_314' title='bbox 706 2063 829 2101; x_wconf 72' lang='lat' dir='ltr'>haeret,</span> <span class='ocrx_word' id='word_1_315' title='bbox 854 2063 1083 2103; x_wconf 69' lang='lat' dir='ltr'>Sagyittarium</span> <span class='ocrx_word' id='word_1_316' title='bbox 1106 2063 1228 2095; x_wconf 85' lang='lat' dir='ltr'>Diana</span> <span class='ocrx_word' id='word_1_317' title='bbox 1252 2065 1427 2102; x_wconf 84' lang='lat' dir='ltr'>uenatrix,</span> <span class='ocrx_word' id='word_1_318' title='bbox 1450 2063 1702 2104; x_wconf 71' lang='lat' dir='ltr'>Capricornum</span> 
     </span>
     <span class='ocr_line' id='line_1_33' title="bbox 153 2113 1702 2156; baseline 0.001 -11"><span class='ocrx_word' id='word_1_319' title='bbox 153 2113 236 2156; x_wconf 90' lang='lat' dir='ltr'>gelu</span> <span class='ocrx_word' id='word_1_320' title='bbox 252 2116 471 2146; x_wconf 85' lang='lat' dir='ltr'>contractum</span> <span class='ocrx_word' id='word_1_321' title='bbox 500 2114 714 2154; x_wconf 71' lang='lat' dir='ltr'>Vescasouet‚</span> <span class='ocrx_word' id='word_1_322' title='bbox 734 2115 824 2155; x_wconf 85' lang='lat' dir='ltr'>ignis</span> <span class='ocrx_word' id='word_1_323' title='bbox 845 2114 910 2146; x_wconf 83' lang='lat' dir='ltr'>dea</span> <span class='ocrx_word' id='word_1_324' title='bbox 931 2118 967 2146; x_wconf 81' lang='lat' dir='ltr'>et</span> <span class='ocrx_word' id='word_1_325' title='bbox 987 2115 1067 2153; x_wconf 83' lang='lat' dir='ltr'>foci,</span> <span class='ocrx_word' id='word_1_326' title='bbox 1086 2115 1268 2156; x_wconf 75' lang='lat' dir='ltr'>Aquarius</span> <span class='ocrx_word' id='word_1_327' title='bbox 1288 2115 1397 2147; x_wconf 85' lang='lat' dir='ltr'>Leoni</span> <span class='ocrx_word' id='word_1_328' title='bbox 1417 2115 1512 2147; x_wconf 87' lang='lat' dir='ltr'>Iouis</span> <span class='ocrx_word' id='word_1_329' title='bbox 1533 2115 1667 2147; x_wconf 87' lang='lat' dir='ltr'>tutelae</span> <span class='ocrx_word' id='word_1_330' title='bbox 1682 2125 1702 2147; x_wconf 89' lang='lat' dir='ltr'>e</span> 
     </span>
     <span class='ocr_line' id='line_1_34' title="bbox 156 2165 1701 2207; baseline 0.001 -10"><span class='ocrx_word' id='word_1_331' title='bbox 156 2165 298 2207; x_wconf 84' lang='lat' dir='ltr'>regione</span> <span class='ocrx_word' id='word_1_332' title='bbox 324 2165 506 2207; x_wconf 83' lang='lat' dir='ltr'>oppositus</span> <span class='ocrx_word' id='word_1_333' title='bbox 532 2165 676 2198; x_wconf 86' lang='lat' dir='ltr'>Iunonis</span> <span class='ocrx_word' id='word_1_334' title='bbox 703 2171 835 2198; x_wconf 73' lang='lat' dir='ltr'>astrum</span> <span class='ocrx_word' id='word_1_335' title='bbox 863 2171 908 2197; x_wconf 78' lang='lat' dir='ltr'>est</span> <span class='ocrx_word' id='word_1_336' title='bbox 935 2166 1150 2207; x_wconf 65' lang='lat' dir='ltr'>agmoscitque</span> <span class='ocrx_word' id='word_1_337' title='bbox 1173 2178 1249 2198; x_wconf 84' lang='lat' dir='ltr'>snos</span> <span class='ocrx_word' id='word_1_338' title='bbox 1272 2167 1454 2207; x_wconf 71' lang='lat' dir='ltr'>Neptunus</span> <span class='ocrx_word' id='word_1_339' title='bbox 1477 2167 1602 2199; x_wconf 82' lang='lat' dir='ltr'>Pisces.</span> <span class='ocrx_word' id='word_1_340' title='bbox 1650 2166 1701 2198; x_wconf 84' lang='lat' dir='ltr'>sic</span> 
     </span>
     <span class='ocr_line' id='line_1_35' title="bbox 155 2216 1698 2260; baseline 0.001 -12"><span class='ocrx_word' id='word_1_341' title='bbox 155 2217 304 2248; x_wconf 88' lang='lat' dir='ltr'>marium</span> <span class='ocrx_word' id='word_1_342' title='bbox 321 2216 600 2259; x_wconf 80' lang='lat' dir='ltr'>feminarumque</span> <span class='ocrx_word' id='word_1_343' title='bbox 612 2228 653 2249; x_wconf 89' lang='lat' dir='ltr'>ex</span> <span class='ocrx_word' id='word_1_344' title='bbox 667 2217 816 2249; x_wconf 77' lang='lat' dir='ltr'>aduerso</span> <span class='ocrx_word' id='word_1_345' title='bbox 828 2218 1023 2259; x_wconf 81' lang='lat' dir='ltr'>positorum</span> <span class='ocrx_word' id='word_1_346' title='bbox 1036 2219 1136 2260; x_wconf 76' lang='lat' dir='ltr'>paria,</span> <span class='ocrx_word' id='word_1_347' title='bbox 1148 2217 1238 2250; x_wconf 88' lang='lat' dir='ltr'>fiunt</span> <span class='ocrx_word' id='word_1_348' title='bbox 1252 2231 1259 2250; x_wconf 90' lang='lat'>:</span> <span class='ocrx_word' id='word_1_349' title='bbox 1286 2218 1448 2260; x_wconf 84' lang='lat' dir='ltr'>Iuppiter</span> <span class='ocrx_word' id='word_1_350' title='bbox 1460 2229 1538 2250; x_wconf 86' lang='lat' dir='ltr'>cum</span> <span class='ocrx_word' id='word_1_351' title='bbox 1552 2217 1698 2257; x_wconf 81' lang='lat' dir='ltr'>Iunone,</span> 
     </span>
     <span class='ocr_line' id='line_1_36' title="bbox 154 2267 1699 2311; baseline 0.001 -12"><span class='ocrx_word' id='word_1_352' title='bbox 154 2268 283 2310; x_wconf 89' lang='lat' dir='ltr'>Apollo</span> <span class='ocrx_word' id='word_1_353' title='bbox 305 2278 384 2300; x_wconf 83' lang='lat' dir='ltr'>cum</span> <span class='ocrx_word' id='word_1_354' title='bbox 408 2267 534 2307; x_wconf 83' lang='lat' dir='ltr'>Diana,</span> <span class='ocrx_word' id='word_1_355' title='bbox 557 2268 654 2300; x_wconf 83' lang='lat' dir='ltr'>Mars</span> <span class='ocrx_word' id='word_1_356' title='bbox 677 2280 755 2300; x_wconf 85' lang='lat' dir='ltr'>cum</span> <span class='ocrx_word' id='word_1_357' title='bbox 780 2268 928 2307; x_wconf 87' lang='lat' dir='ltr'>Venere,</span> <span class='ocrx_word' id='word_1_358' title='bbox 954 2269 1141 2311; x_wconf 80' lang='lat' dir='ltr'>Neptunus</span> <span class='ocrx_word' id='word_1_359' title='bbox 1165 2280 1233 2301; x_wconf 89' lang='lat' dir='ltr'>non</span> <span class='ocrx_word' id='word_1_360' title='bbox 1256 2274 1296 2301; x_wconf 85' lang='lat' dir='ltr'>ut</span> <span class='ocrx_word' id='word_1_361' title='bbox 1317 2269 1392 2302; x_wconf 89' lang='lat' dir='ltr'>Liu.</span> <span class='ocrx_word' id='word_1_362' title='bbox 1414 2279 1497 2301; x_wconf 82' lang='lat' dir='ltr'>xxn</span> <span class='ocrx_word' id='word_1_363' title='bbox 1520 2271 1560 2301; x_wconf 92' lang='lat'>10</span> <span class='ocrx_word' id='word_1_364' title='bbox 1580 2270 1600 2301; x_wconf 88' lang='grc'><strong>9</strong></span> <span class='ocrx_word' id='word_1_365' title='bbox 1620 2280 1699 2302; x_wconf 87' lang='lat' dir='ltr'>cum</span> 
     </span>
     <span class='ocr_line' id='line_1_37' title="bbox 154 2319 1700 2359; baseline 0.001 -8"><span class='ocrx_word' id='word_1_366' title='bbox 154 2319 319 2351; x_wconf 84' lang='lat' dir='ltr'>Minerua</span> <span class='ocrx_word' id='word_1_367' title='bbox 340 2319 401 2351; x_wconf 84' lang='lat' dir='ltr'>sed</span> <span class='ocrx_word' id='word_1_368' title='bbox 425 2330 503 2352; x_wconf 87' lang='lat' dir='ltr'>cum</span> <span class='ocrx_word' id='word_1_369' title='bbox 527 2319 653 2352; x_wconf 87' lang='lat' dir='ltr'>Cerere</span> <span class='ocrx_word' id='word_1_370' title='bbox 680 2331 808 2359; x_wconf 88' lang='lat' dir='ltr'>sorore,</span> <span class='ocrx_word' id='word_1_371' title='bbox 833 2320 1013 2352; x_wconf 78' lang='lat' dir='ltr'>Vulcanus</span> <span class='ocrx_word' id='word_1_372' title='bbox 1036 2331 1105 2352; x_wconf 91' lang='lat' dir='ltr'>non</span> <span class='ocrx_word' id='word_1_373' title='bbox 1129 2332 1208 2352; x_wconf 87' lang='lat' dir='ltr'>cum</span> <span class='ocrx_word' id='word_1_374' title='bbox 1232 2321 1341 2353; x_wconf 81' lang='lat' dir='ltr'>Vesta</span> <span class='ocrx_word' id='word_1_375' title='bbox 1366 2321 1427 2353; x_wconf 82' lang='lat' dir='ltr'>sed</span> <span class='ocrx_word' id='word_1_376' title='bbox 1451 2332 1530 2353; x_wconf 87' lang='lat' dir='ltr'>cum</span> <span class='ocrx_word' id='word_1_377' title='bbox 1556 2321 1700 2354; x_wconf 84' lang='lat' dir='ltr'>Pallade</span> 
     </span>
     <span class='ocr_line' id='line_1_38' title="bbox 151 2370 1700 2415; baseline 0.002 -13"><span class='ocrx_word' id='word_1_378' title='bbox 151 2370 289 2413; x_wconf 87' lang='lat' dir='ltr'>opifice,</span> <span class='ocrx_word' id='word_1_379' title='bbox 307 2371 504 2404; x_wconf 87' lang='lat' dir='ltr'>Mercurius</span> <span class='ocrx_word' id='word_1_380' title='bbox 519 2382 589 2403; x_wconf 89' lang='lat' dir='ltr'>non</span> <span class='ocrx_word' id='word_1_381' title='bbox 602 2382 678 2404; x_wconf 88' lang='lat' dir='ltr'>cum</span> <span class='ocrx_word' id='word_1_382' title='bbox 694 2372 819 2404; x_wconf 84' lang='lat' dir='ltr'>Cerere</span> <span class='ocrx_word' id='word_1_383' title='bbox 835 2371 895 2404; x_wconf 87' lang='lat' dir='ltr'>sed</span> <span class='ocrx_word' id='word_1_384' title='bbox 912 2372 1027 2404; x_wconf 85' lang='lat' dir='ltr'>neseio</span> <span class='ocrx_word' id='word_1_385' title='bbox 1039 2383 1108 2414; x_wconf 85' lang='lat' dir='ltr'>qua</span> <span class='ocrx_word' id='word_1_386' title='bbox 1121 2373 1256 2404; x_wconf 78' lang='lat' dir='ltr'>ratione</span> <span class='ocrx_word' id='word_1_387' title='bbox 1272 2383 1348 2404; x_wconf 88' lang='lat' dir='ltr'>cum</span> <span class='ocrx_word' id='word_1_388' title='bbox 1365 2373 1473 2405; x_wconf 82' lang='lat' dir='ltr'>Vesta</span> <span class='ocrx_word' id='word_1_389' title='bbox 1485 2373 1700 2415; x_wconf 83' lang='lat' dir='ltr'>compositus</span> 
     </span>
     <span class='ocr_line' id='line_1_39' title="bbox 239 2422 1700 2464; baseline 0.003 -11"><span class='ocrx_word' id='word_1_390' title='bbox 239 2422 305 2454; x_wconf 81' lang='lat'>439</span> <span class='ocrx_word' id='word_1_391' title='bbox 329 2422 425 2455; x_wconf 86' lang='lat' dir='ltr'>Seru.</span> <span class='ocrx_word' id='word_1_392' title='bbox 453 2422 498 2454; x_wconf 83' lang='lat' dir='ltr'>ad</span> <span class='ocrx_word' id='word_1_393' title='bbox 525 2423 612 2455; x_wconf 88' lang='lat' dir='ltr'>Aen.</span> <span class='ocrx_word' id='word_1_394' title='bbox 640 2432 681 2455; x_wconf 84' lang='lat' dir='ltr'>xl</span> <span class='ocrx_word' id='word_1_395' title='bbox 707 2424 772 2455; x_wconf 69' lang='lat'>⁴259</span> <span class='ocrx_word' id='word_1_396' title='bbox 799 2423 983 2455; x_wconf 66' lang='lat' dir='ltr'>Mineruae</span> <span class='ocrx_word' id='word_1_397' title='bbox 1010 2424 1114 2456; x_wconf 79' lang='lat' dir='ltr'>Aries</span> <span class='ocrx_word' id='word_1_398' title='bbox 1140 2434 1206 2456; x_wconf 78' lang='lat' dir='ltr'>esse</span> <span class='ocrx_word' id='word_1_399' title='bbox 1233 2424 1421 2456; x_wconf 77' lang='lat' dir='ltr'>dinoscitur</span> <span class='ocrx_word' id='word_1_400' title='bbox 1517 2424 1580 2455; x_wconf 81' lang='lat'>441</span> <span class='ocrx_word' id='word_1_401' title='bbox 1603 2428 1700 2464; x_wconf 74' lang='lat' dir='ltr'>reg-is</span> 
     </span>
     <span class='ocr_line' id='line_1_40' title="bbox 152 2473 1698 2518; baseline 0.001 -12"><span class='ocrx_word' id='word_1_402' title='bbox 152 2476 250 2512; x_wconf 72' lang='lat' dir='ltr'>cm,</span> <span class='ocrx_word' id='word_1_403' title='bbox 275 2476 371 2513; x_wconf 75' lang='lat' dir='ltr'>regit</span> <span class='ocrx_word' id='word_1_404' title='bbox 396 2473 443 2506; x_wconf 78' lang='lat' dir='ltr'>L2.</span> <span class='ocrx_word' id='word_1_405' title='bbox 492 2474 589 2513; x_wconf 85' lang='lat' dir='ltr'>ordo,</span> <span class='ocrx_word' id='word_1_406' title='bbox 616 2485 719 2517; x_wconf 87' lang='lat' dir='ltr'>quem</span> <span class='ocrx_word' id='word_1_407' title='bbox 743 2475 979 2507; x_wconf 84' lang='lat' dir='ltr'>obscuriorem</span> <span class='ocrx_word' id='word_1_408' title='bbox 1007 2475 1161 2507; x_wconf 83' lang='lat' dir='ltr'>reddunt</span> <span class='ocrx_word' id='word_1_409' title='bbox 1184 2476 1311 2507; x_wconf 81' lang='lat' dir='ltr'>omissa.</span> <span class='ocrx_word' id='word_1_410' title='bbox 1333 2477 1539 2518; x_wconf 75' lang='lat' dir='ltr'>pronomina</span> <span class='ocrx_word' id='word_1_411' title='bbox 1562 2480 1598 2507; x_wconf 90' lang='lat' dir='ltr'>et</span> <span class='ocrx_word' id='word_1_412' title='bbox 1620 2487 1698 2509; x_wconf 90' lang='lat' dir='ltr'>con—</span> 
     </span>
     <span class='ocr_line' id='line_1_41' title="bbox 153 2525 1695 2570; baseline 0.001 -13"><span class='ocrx_word' id='word_1_413' title='bbox 153 2525 289 2557; x_wconf 86' lang='lat' dir='ltr'>iunctio</span> <span class='ocrx_word' id='word_1_414' title='bbox 300 2529 381 2568; x_wconf 82' lang='lat' dir='ltr'>post</span> <span class='ocrx_word' id='word_1_415' title='bbox 394 2536 496 2558; x_wconf 84' lang='lat' dir='ltr'>suurn</span> <span class='ocrx_word' id='word_1_416' title='bbox 509 2526 622 2558; x_wconf 89' lang='lat' dir='ltr'>locum</span> <span class='ocrx_word' id='word_1_417' title='bbox 636 2527 780 2565; x_wconf 73' lang='lat' dir='ltr'>reiecta,</span> <span class='ocrx_word' id='word_1_418' title='bbox 795 2526 852 2558; x_wconf 86' lang='lat' dir='ltr'>hic</span> <span class='ocrx_word' id='word_1_419' title='bbox 864 2529 918 2558; x_wconf 88' lang='lat' dir='ltr'>est</span> <span class='ocrx_word' id='word_1_420' title='bbox 932 2539 938 2558; x_wconf 93' lang='lat'><strong>:</strong></span> <span class='ocrx_word' id='word_1_421' title='bbox 964 2530 1016 2566; x_wconf 87' lang='lat' dir='ltr'>tu,</span> <span class='ocrx_word' id='word_1_422' title='bbox 1033 2527 1202 2568; x_wconf 89' lang='lat' dir='ltr'>Cyllenie,</span> <span class='ocrx_word' id='word_1_423' title='bbox 1217 2526 1390 2560; x_wconf 85' lang='lat' dir='ltr'>Cancrum</span> <span class='ocrx_word' id='word_1_424' title='bbox 1407 2531 1443 2559; x_wconf 87' lang='lat' dir='ltr'>et</span> <span class='ocrx_word' id='word_1_425' title='bbox 1456 2532 1507 2566; x_wconf 84' lang='lat' dir='ltr'>tu,</span> <span class='ocrx_word' id='word_1_426' title='bbox 1522 2527 1695 2570; x_wconf 88' lang='lat' dir='ltr'>Iuppiter,</span> 
     </span>
     <span class='ocr_line' id='line_1_42' title="bbox 156 2576 1699 2621; baseline 0.002 -13"><span class='ocrx_word' id='word_1_427' title='bbox 156 2576 306 2608; x_wconf 87' lang='lat' dir='ltr'>Leonem</span> <span class='ocrx_word' id='word_1_428' title='bbox 336 2577 437 2619; x_wconf 83' lang='lat' dir='ltr'>regis.</span> <span class='ocrx_word' id='word_1_429' title='bbox 503 2577 653 2609; x_wconf 85' lang='lat' dir='ltr'>alterum</span> <span class='ocrx_word' id='word_1_430' title='bbox 685 2578 842 2610; x_wconf 85' lang='lat' dir='ltr'>uocatiui</span> <span class='ocrx_word' id='word_1_431' title='bbox 872 2578 1090 2610; x_wconf 85' lang='lat' dir='ltr'>incommodo</span> <span class='ocrx_word' id='word_1_432' title='bbox 1121 2579 1196 2611; x_wconf 85' lang='lat' dir='ltr'>loco</span> <span class='ocrx_word' id='word_1_433' title='bbox 1226 2579 1333 2621; x_wconf 85' lang='lat' dir='ltr'>positi</span> <span class='ocrx_word' id='word_1_434' title='bbox 1362 2579 1561 2621; x_wconf 82' lang='lat' dir='ltr'>exemplum</span> <span class='ocrx_word' id='word_1_435' title='bbox 1592 2579 1699 2612; x_wconf 87' lang='lat' dir='ltr'>habet</span> 
     </span>
     <span class='ocr_line' id='line_1_43' title="bbox 155 2629 1697 2670; baseline 0.002 -10"><span class='ocrx_word' id='word_1_436' title='bbox 155 2637 195 2659; x_wconf 87' lang='lat' dir='ltr'>IV</span> <span class='ocrx_word' id='word_1_437' title='bbox 219 2629 283 2661; x_wconf 88' lang='lat'>605</span> <span class='ocrx_word' id='word_1_438' title='bbox 310 2638 413 2670; x_wconf 81' lang='lat' dir='ltr'>usque</span> <span class='ocrx_word' id='word_1_439' title='bbox 439 2639 538 2661; x_wconf 82' lang='lat' dir='ltr'>canes</span> <span class='ocrx_word' id='word_1_440' title='bbox 565 2629 623 2669; x_wconf 87' lang='lat' dir='ltr'>ad,</span> <span class='ocrx_word' id='word_1_441' title='bbox 650 2629 778 2670; x_wconf 80' lang='lat' dir='ltr'>Scylla,</span> <span class='ocrx_word' id='word_1_442' title='bbox 808 2634 891 2661; x_wconf 77' lang='lat' dir='ltr'>tuos.</span> <span class='ocrx_word' id='word_1_443' title='bbox 941 2633 1095 2661; x_wconf 81' lang='lat' dir='ltr'>ceterum</span> <span class='ocrx_word' id='word_1_444' title='bbox 1123 2629 1232 2662; x_wconf 85' lang='lat' dir='ltr'>uerba</span> <span class='ocrx_word' id='word_1_445' title='bbox 1258 2641 1334 2662; x_wconf 85' lang='lat' dir='ltr'>cum</span> <span class='ocrx_word' id='word_1_446' title='bbox 1363 2636 1471 2663; x_wconf 71' lang='lat' dir='ltr'>uiatre</span> <span class='ocrx_word' id='word_1_447' title='bbox 1501 2631 1602 2663; x_wconf 79' lang='lat' dir='ltr'>deum</span> <span class='ocrx_word' id='word_1_448' title='bbox 1628 2642 1697 2663; x_wconf 86' lang='lat' dir='ltr'>non</span> 
     </span>
     <span class='ocr_line' id='line_1_44' title="bbox 154 2680 1699 2724; baseline 0.002 -13"><span class='ocrx_word' id='word_1_449' title='bbox 154 2689 372 2711; x_wconf 83' lang='lat' dir='ltr'>communem</span> <span class='ocrx_word' id='word_1_450' title='bbox 388 2690 466 2712; x_wconf 89' lang='lat' dir='ltr'>cum</span> <span class='ocrx_word' id='word_1_451' title='bbox 484 2680 568 2712; x_wconf 87' lang='lat' dir='ltr'>Ioue</span> <span class='ocrx_word' id='word_1_452' title='bbox 585 2681 735 2712; x_wconf 87' lang='lat' dir='ltr'>tutelam</span> <span class='ocrx_word' id='word_1_453' title='bbox 754 2681 877 2713; x_wconf 83' lang='lat' dir='ltr'>Leonis</span> <span class='ocrx_word' id='word_1_454' title='bbox 898 2681 988 2723; x_wconf 87' lang='lat' dir='ltr'>signi</span> <span class='ocrx_word' id='word_1_455' title='bbox 1010 2681 1171 2713; x_wconf 78' lang='lat' dir='ltr'>caelestis</span> <span class='ocrx_word' id='word_1_456' title='bbox 1192 2681 1345 2723; x_wconf 85' lang='lat' dir='ltr'>Cybelen</span> <span class='ocrx_word' id='word_1_457' title='bbox 1363 2693 1482 2724; x_wconf 84' lang='lat' dir='ltr'>gerere</span> <span class='ocrx_word' id='word_1_458' title='bbox 1498 2682 1699 2724; x_wconf 84' lang='lat' dir='ltr'>significant</span> 
     </span>
     <span class='ocr_line' id='line_1_45' title="bbox 152 2730 1698 2775; baseline 0.003 -13"><span class='ocrx_word' id='word_1_459' title='bbox 152 2730 214 2763; x_wconf 88' lang='lat' dir='ltr'>sed</span> <span class='ocrx_word' id='word_1_460' title='bbox 230 2730 267 2763; x_wconf 82' lang='lat' dir='ltr'>id</span> <span class='ocrx_word' id='word_1_461' title='bbox 283 2731 414 2763; x_wconf 78' lang='lat' dir='ltr'>animal</span> <span class='ocrx_word' id='word_1_462' title='bbox 430 2730 557 2764; x_wconf 84' lang='lat' dir='ltr'>Idaeae</span> <span class='ocrx_word' id='word_1_463' title='bbox 577 2732 702 2764; x_wconf 83' lang='lat' dir='ltr'>matris</span> <span class='ocrx_word' id='word_1_464' title='bbox 722 2732 894 2764; x_wconf 81' lang='lat' dir='ltr'>famulum</span> <span class='ocrx_word' id='word_1_465' title='bbox 915 2743 988 2764; x_wconf 84' lang='lat' dir='ltr'>esse</span> <span class='ocrx_word' id='word_1_466' title='bbox 1006 2735 1059 2771; x_wconf 85' lang='lat' dir='ltr'>(IV</span> <span class='ocrx_word' id='word_1_467' title='bbox 1075 2734 1152 2772; x_wconf 86' lang='lat'>760)</span> <span class='ocrx_word' id='word_1_468' title='bbox 1166 2745 1174 2770; x_wconf 83' lang='lat'>;</span> <span class='ocrx_word' id='word_1_469' title='bbox 1199 2744 1310 2775; x_wconf 85' lang='lat' dir='ltr'>neque</span> <span class='ocrx_word' id='word_1_470' title='bbox 1326 2734 1418 2765; x_wconf 87' lang='lat' dir='ltr'>enim</span> <span class='ocrx_word' id='word_1_471' title='bbox 1436 2734 1502 2766; x_wconf 87' lang='lat' dir='ltr'>huc</span> <span class='ocrx_word' id='word_1_472' title='bbox 1517 2735 1698 2775; x_wconf 80' lang='lat' dir='ltr'>pertinent</span> 
     </span>
     <span class='ocr_line' id='line_1_46' title="bbox 154 2781 1699 2827; baseline 0.002 -13"><span class='ocrx_word' id='word_1_473' title='bbox 154 2793 242 2824; x_wconf 82' lang='lat' dir='ltr'>quae</span> <span class='ocrx_word' id='word_1_474' title='bbox 266 2781 409 2815; x_wconf 85' lang='lat' dir='ltr'>Seruius</span> <span class='ocrx_word' id='word_1_475' title='bbox 426 2782 470 2814; x_wconf 87' lang='lat' dir='ltr'>ad</span> <span class='ocrx_word' id='word_1_476' title='bbox 486 2783 575 2815; x_wconf 90' lang='lat' dir='ltr'>Aen.</span> <span class='ocrx_word' id='word_1_477' title='bbox 595 2792 652 2815; x_wconf 83' lang='grc' dir='ltr'>ΧΠ</span> <span class='ocrx_word' id='word_1_478' title='bbox 676 2785 736 2816; x_wconf 91' lang='grc'>118</span> <span class='ocrx_word' id='word_1_479' title='bbox 758 2784 871 2816; x_wconf 85' lang='lat' dir='ltr'>tradit</span> <span class='ocrx_word' id='word_1_480' title='bbox 892 2784 934 2815; x_wconf 91' lang='lat' dir='ltr'>de</span> <span class='ocrx_word' id='word_1_481' title='bbox 955 2788 1068 2816; x_wconf 81' lang='lat' dir='ltr'>matre</span> <span class='ocrx_word' id='word_1_482' title='bbox 1090 2784 1193 2816; x_wconf 88' lang='lat' dir='ltr'>deum</span> <span class='ocrx_word' id='word_1_483' title='bbox 1215 2788 1346 2816; x_wconf 83' lang='lat' dir='ltr'>certam</span> <span class='ocrx_word' id='word_1_484' title='bbox 1368 2785 1455 2817; x_wconf 86' lang='lat' dir='ltr'>caeli</span> <span class='ocrx_word' id='word_1_485' title='bbox 1475 2789 1613 2827; x_wconf 86' lang='lat' dir='ltr'>partem</span> <span class='ocrx_word' id='word_1_486' title='bbox 1629 2797 1699 2818; x_wconf 86' lang='lat' dir='ltr'>nou</span> 
     </span>
     <span class='ocr_line' id='line_1_47' title="bbox 153 2833 1698 2880; baseline 0.003 -15"><span class='ocrx_word' id='word_1_487' title='bbox 153 2833 306 2866; x_wconf 84' lang='lat' dir='ltr'>habente</span> <span class='ocrx_word' id='word_1_488' title='bbox 321 2833 382 2865; x_wconf 88' lang='lat' dir='ltr'>sed</span> <span class='ocrx_word' id='word_1_489' title='bbox 403 2834 440 2866; x_wconf 90' lang='lat' dir='ltr'>in</span> <span class='ocrx_word' id='word_1_490' title='bbox 460 2834 622 2867; x_wconf 89' lang='lat' dir='ltr'>omnibus</span> <span class='ocrx_word' id='word_1_491' title='bbox 642 2835 738 2867; x_wconf 87' lang='lat' dir='ltr'>zonis</span> <span class='ocrx_word' id='word_1_492' title='bbox 756 2839 970 2877; x_wconf 76' lang='lat' dir='ltr'>potestatem</span> <span class='ocrx_word' id='word_1_493' title='bbox 987 2846 1063 2868; x_wconf 87' lang='lat' dir='ltr'>cum</span> <span class='ocrx_word' id='word_1_494' title='bbox 1082 2836 1244 2868; x_wconf 84' lang='lat' dir='ltr'>omnibns</span> <span class='ocrx_word' id='word_1_495' title='bbox 1264 2836 1340 2868; x_wconf 82' lang='lat' dir='ltr'>deis</span> <span class='ocrx_word' id='word_1_496' title='bbox 1359 2847 1588 2876; x_wconf 85' lang='lat' dir='ltr'>communem,</span> <span class='ocrx_word' id='word_1_497' title='bbox 1606 2837 1698 2880; x_wconf 87' lang='lat' dir='ltr'>quod</span> 
     </span>
     <span class='ocr_line' id='line_1_48' title="bbox 151 2885 1696 2930; baseline 0.003 -13"><span class='ocrx_word' id='word_1_498' title='bbox 151 2885 255 2927; x_wconf 83' lang='lat' dir='ltr'>quale</span> <span class='ocrx_word' id='word_1_499' title='bbox 281 2886 330 2918; x_wconf 80' lang='lat' dir='ltr'>sit</span> <span class='ocrx_word' id='word_1_500' title='bbox 355 2885 575 2928; x_wconf 84' lang='lat' dir='ltr'>intellegitur</span> <span class='ocrx_word' id='word_1_501' title='bbox 601 2896 643 2918; x_wconf 89' lang='lat' dir='ltr'>ex</span> <span class='ocrx_word' id='word_1_502' title='bbox 673 2886 778 2919; x_wconf 73' lang='lat' dir='ltr'>Mart.</span> <span class='ocrx_word' id='word_1_503' title='bbox 806 2887 889 2930; x_wconf 85' lang='lat' dir='ltr'>Cap.</span> <span class='ocrx_word' id='word_1_504' title='bbox 917 2896 930 2918; x_wconf 93' lang='lat'>1</span> <span class='ocrx_word' id='word_1_505' title='bbox 957 2889 1062 2921; x_wconf 77' lang='lat'>42-61</span> <span class='ocrx_word' id='word_1_506' title='bbox 1153 2887 1217 2919; x_wconf 83' lang='lat'>443</span> <span class='ocrx_word' id='word_1_507' title='bbox 1242 2891 1396 2920; x_wconf 77' lang='lat' dir='ltr'>mauorti</span> <span class='ocrx_word' id='word_1_508' title='bbox 1423 2888 1498 2921; x_wconf 86' lang='lat' dir='ltr'>cod.</span> <span class='ocrx_word' id='word_1_509' title='bbox 1526 2888 1696 2929; x_wconf 42' lang='lat' dir='ltr'>Cusanum</span> 
     </span>
    </p>
   </div>
  </div>
 </body>
</html>
