1931 3202
243 1167 289 1207 In
310 1168 401 1207 libri
422 1179 436 1206 Ι
457 1168 632 1207 editione
653 1182 756 1207 anno
781 1170 881 1208 1903
903 1170 1044 1209 emissa
1063 1170 1159 1210 haec
1180 1171 1432 1223 corrigantur

227 1255 288 1287 137
312 1260 372 1287 aut
395 1266 458 1297 pro
480 1266 538 1287 seu
560 1256 668 1297 positi
691 1256 887 1298 exemplum
908 1267 976 1288 non
994 1257 1100 1289 debui
1121 1268 1164 1289 ex
1181 1258 1285 1300 Verg.
1305 1259 1392 1290 Aen.
1414 1268 1469 1290 XII
1486 1261 1548 1292 686
1564 1263 1696 1301 petere,

161 1306 221 1338 ubi
237 1307 322 1338 ordo
338 1307 540 1339 huiusmodi
556 1310 621 1346 est,
640 1308 795 1339 auolsum
811 1313 910 1340 uento
925 1309 989 1348 uel,
1008 1308 1039 1340 si
1059 1309 1164 1341 imber
1179 1309 1312 1350 proluit
1333 1315 1394 1342 aut
1414 1311 1514 1342 soluit
1535 1317 1696 1351 uetusta-s,

160 1358 264 1391 imbre
276 1359 453 1399 prolatum
468 1359 655 1391 solutumue
671 1364 844 1391 uetustate.
894 1360 1060 1392 succedam
1075 1361 1185 1402 igitur
1201 1362 1338 1393 Aetnae
1355 1372 1476 1394 uersus
1494 1364 1555 1394 114

224 1434 285 1465 381
309 1434 359 1467 sio
374 1435 492 1476 potius
507 1435 603 1467 locus
620 1435 835 1467 enarrandus
856 1436 946 1468 fuit:
972 1447 1078 1478 regna
1099 1437 1170 1474 illa,
1188 1437 1287 1469 nobis
1304 1449 1373 1469 non
1390 1439 1552 1478 transita,
1571 1450 1612 1471 ex
1630 1451 1699 1472 uno

159 1486 230 1518 sole
246 1497 428 1519 commune
443 1487 560 1518 lumen
577 1486 804 1529 diuersasque
817 1488 958 1520 umbras
971 1488 1117 1528 ducunt,
1132 1499 1302 1531 uersoque
1318 1489 1413 1521 caelo
1425 1490 1526 1522 laeua
1538 1491 1700 1524 cadentia

159 1538 258 1580 signa
274 1541 310 1570 et
326 1538 470 1570 dextros
485 1542 584 1571 ortus
600 1543 762 1580 spectant

222 1614 287 1645 436
310 1615 416 1646 immo
432 1614 488 1646 hie
504 1614 590 1646 ordo
607 1618 679 1646 esb:
704 1615 819 1657 qualis
834 1615 948 1655 aluus,
966 1616 1011 1648 ad
1028 1616 1142 1648 fatum
1155 1616 1350 1659 Cepheidos
1363 1617 1565 1657 adueniens,
1581 1620 1696 1658 undis,

158 1680 244 1711 quas
261 1668 465 1701 fluctuando
481 1669 624 1708 fecerat,
643 1673 789 1711 pontum
806 1670 901 1702 ultra
918 1671 1024 1702 litora
1040 1671 1188 1712 expulit.
1237 1672 1319 1704 uide
1340 1681 1365 1703 v
1380 1673 1506 1706 579-81
1531 1675 1699 1714 yrauidus

158 1721 230 1753 iam
245 1731 381 1762 sumere
395 1726 519 1762 pontus
538 1720 542 1763 Ι
564 1726 717 1762 coeperat
734 1727 762 1753 et
779 1722 1067 1763 Zonyofuqiebant
1086 1723 1219 1764 aymine
1228 1723 1356 1765 fluctus
1376 1723 1381 1765 1
1401 1724 1598 1765 impellentis
1616 1737 1700 1758 onus

157 1772 310 1812 monstri,
336 1773 442 1804 etiam
467 1772 548 1804 Val.
575 1772 627 1804 ΕΙ.
655 1782 700 1804 111
727 1774 802 1813 475,
830 1773 890 1805 ubi
908 1774 1036 1815 fluctus
1067 1777 1150 1806 sunt
1177 1785 1264 1817 quos
1296 1775 1467 1808 Hercules
1495 1777 1697 1819 remigando

158 1825 379 1856 exciizauerab

221 1901 286 1933 443
309 1901 506 1934 Cleomedis
532 1901 641 1933 uerba
667 1912 756 1943 quae
783 1901 921 1934 adferre
949 1902 1046 1935 uolui
1072 1903 1157 1935 haec
1184 1906 1277 1942 sunt,
1306 1913 1319 1935 Ι
1335 1904 1356 1935 4
1378 1904 1422 1936 20
1443 1906 1508 1936 τὰσ
1534 1906 1595 1937 ὑπὸ
1622 1909 1697 1938 ταῖσ-

157 1956 289 1995 ἄρκτοισ
304 1954 410 1992 ζώνασ-
