1931 3202
606 109 1091 153 ASTRONOMICON
1131 109 1181 151 II
1587 112 1666 152 109

300 235 350 263 ac
371 221 516 262 media
537 220 619 262 sub
639 223 766 262 nocte
787 220 913 270 iacet,
934 219 1155 262 Saturnus
1175 220 1223 260 in
1244 219 1321 261 illa

298 298 425 351 parte
445 309 547 336 suas
566 295 711 350 agitat
731 295 860 344 uires,
881 294 1076 336 deiectus
1097 296 1142 335 et
1162 294 1255 350 ipse

300 369 484 425 imperio
505 368 726 424 quondam
747 368 901 410 mundi
923 368 1116 424 solioque
1137 368 1330 417 deorum,

300 446 345 485 et
364 446 491 499 pater
511 443 557 483 in
578 443 745 498 patrios
765 445 941 484 exercet
959 442 1145 483 numina
1164 456 1290 484 casus

176 523 258 558 935a
296 516 608 572 fortunamque
625 531 789 559 senum.
813 518 819 571 Ι
846 517 1016 565 titulus,
1030 531 1159 571 quem
1174 516 1358 558 Graecia
1375 515 1492 564 fecit,
1527 513 1610 554 937b

126 623 172 656 ad
188 635 222 656 u.
241 624 305 657 923
320 623 497 663 laudatus,
516 624 801 666 septentrionalis
823 627 943 656 autem
966 623 1056 656 imus
1077 623 1183 655 cardo
1203 626 1362 662 uocatur,
1381 621 1505 664 βόρειον
1527 623 1667 662 κέντρον,

127 676 211 718 quia
231 677 283 707 διὰ
303 677 362 715 τὴν
385 678 530 716 ἔγκλισιν
553 677 616 714 τῆσ
639 677 785 717 σφαίρασ
808 677 948 707 πάντοτε
970 675 1007 707 τὸ
1033 673 1183 715 ὑπόγειον
1205 676 1401 716 βορειότερον
1423 675 1534 706 πίπτει
1553 673 1666 712 (Paul.

127 727 227 759 Alex.
249 726 278 759 L
300 728 390 767 3-4)‚
409 727 502 759 sicut
524 728 652 768 κέντρον
675 726 780 759 νότιον
805 727 864 766 (ib.
885 726 933 766 N)
958 728 990 769 ei
1013 728 1195 769 oppositus
1218 737 1385 765 summus,
1409 725 1499 757 uelut
1522 725 1559 757 in
1573 724 1671 765 facie

126 778 248 811 mundi
260 778 451 811 collocatus
539 781 689 817 suspicit
705 778 779 810 cod.
794 778 901 817 Flor.‚
917 780 1067 816 suscipit
1078 781 1136 818 GL,
1151 780 1298 817 inscipit
1310 781 1344 809 M
1431 776 1494 808 931
1518 776 1672 809 Saturno

127 841 197 862 non
221 834 387 872 quartum
414 829 475 862 sed
502 829 748 862 duodecimum
775 830 890 862 locum
917 841 938 861 a
965 829 1075 861 Paulo
1102 829 1158 869 (Ο)
1186 832 1223 861 et
1249 840 1269 861 a
1297 829 1448 861 Firmico
1475 830 1519 867 (11
1549 829 1588 860 19
1617 828 1670 867 13)

127 881 342 915 attributum
367 892 441 913 esse
466 881 541 913 dixi
566 881 611 913 ad
636 882 710 913 890.
758 892 839 913 nam
870 881 939 913 alia
963 891 1019 912 res
1046 884 1100 912 est
1127 880 1220 922 quod
1247 880 1348 912 Pauli
1375 879 1580 912 scholiastes
1607 878 1635 911 L
1651 880 1672 910 4

127 932 272 965 Saturni
293 932 431 964 stellam
447 932 484 964 in
500 933 565 964 hoc
586 935 713 974 quarto
734 932 810 964 loco
830 934 953 973 χαίρειν
975 933 1049 964 siue
1070 932 1222 974 gaudere
1244 936 1414 964 memorat
1501 930 1564 961 932
1588 939 1671 962 suas

126 986 245 1023 agitat
260 987 320 1023 GL,
339 993 405 1016 sua
419 986 553 1023 fatigat
568 987 602 1015 M
689 983 754 1015 934
776 984 838 1014 935
863 983 1041 1016 C.C.A.G.
1062 993 1091 1015 ΙΙ
1107 994 1140 1025 p.
1160 985 1218 1016 161
1239 984 1277 1015 15
1295 984 1474 1024 προσώπων
1490 983 1525 1014 δὲ
1540 983 1671 1023 κυριεύει

129 1036 160 1075 (ὁ
183 1036 324 1077 Κρόνοσ)
353 1038 514 1076 πατρικῶν
538 1037 590 1066 καὶ
613 1037 848 1076 πρεσβυτικῶν,
874 1044 929 1067 VII
956 1046 989 1077 p.
1015 1037 1079 1067 214
1104 1036 1143 1067 13
1168 1035 1184 1066 ὁ
1208 1033 1337 1076 Κρόνοσ
1353 1059 1360 1067 .
1382 1059 1389 1066 .
1410 1059 1417 1067 .
1439 1034 1585 1073 σημαίνει
1602 1058 1609 1065 .
1631 1057 1639 1065 .
1658 1057 1667 1065 .

127 1088 251 1128 πατέρα
338 1086 488 1118 935-937
512 1087 561 1118 sic
578 1087 650 1118 fere
667 1087 963 1118 circumferuntur
977 1099 984 1118 :

214 1139 278 1170 935
322 1138 571 1180 fortunamque
594 1149 726 1170 senum.
775 1138 889 1180 prima
912 1142 966 1169 est
989 1137 1104 1169 tutela
1127 1137 1286 1175 duorum,
1459 1161 1461 1164 v
1520 1137 1584 1168 935

214 1187 278 1218 936
322 1189 527 1217 nascentum
551 1192 657 1227 atque
680 1188 834 1227 patrum,
860 1196 949 1226 quae
973 1184 1038 1217 tali
1062 1184 1204 1216 condita
1227 1187 1374 1226 partest.
1520 1184 1584 1215 936

214 1234 277 1268 937
321 1243 484 1275 asperum
507 1233 576 1264 erit
598 1233 780 1274 templum.
830 1232 958 1264 titulus
981 1243 1084 1274 quem
1109 1232 1256 1263 Graecia
1278 1231 1364 1263 fecit
1520 1231 1583 1265 937

170 1286 259 1328 (936
280 1290 491 1319 nascentum
516 1286 589 1326 GL'2,
617 1289 831 1318 nascendum
854 1289 913 1318 ΒΜ
1000 1290 1141 1325 partest
1166 1286 1320 1328 Scaliger
1345 1285 1421 1318 coll.
1449 1294 1495 1316 111
1520 1286 1561 1317 83
1584 1295 1673 1326 parix

126 1349 279 1379 operum,
298 1349 385 1380 quac
404 1338 525 1379 prima
549 1338 686 1370 condita
706 1343 808 1378 parce
831 1339 918 1377 (arte
939 1340 984 1376 Μ,
1003 1343 1090 1370 sorte
1113 1337 1308 1376 Bentleius)
1326 1342 1383 1376 est,
1402 1346 1487 1375 pars
1511 1340 1567 1368 est
1589 1335 1672 1367 libri

213 1389 276 1422 937
303 1392 374 1422 erit
403 1392 576 1428 templum
606 1393 652 1428 M,
685 1393 765 1421 erat
794 1393 935 1428 tempus
965 1388 1038 1430 GL)
1128 1389 1314 1420 uerborum
1341 1388 1461 1429 prima
1492 1392 1537 1419 esc
1567 1387 1672 1419 tutela

125 1441 272 1473 duorum
288 1441 378 1483 Fayi
394 1441 722 1483 interpretationem
738 1440 911 1479 adscribo,
929 1441 1094 1482 quoniam
1111 1440 1232 1473 eodem
1248 1440 1398 1472 redeunt
1413 1450 1502 1481 quae
1518 1438 1673 1480 Scaliger

126 1496 163 1524 et
178 1493 370 1535 Pingraeus
389 1492 551 1534 pluribus
573 1492 755 1524 luserunt:
784 1492 861 1524 ‘hic
882 1492 978 1524 locus
999 1492 1134 1534 primus
1155 1495 1219 1531 est,
1239 1492 1299 1534 qui
1315 1491 1363 1523 sit
1379 1491 1492 1523 tutela
1509 1490 1669 1529 duorum,

125 1554 250 1586 nempe
280 1547 445 1576 natorum
457 1543 617 1575 '—immo
644 1543 874 1582 nascentium,
903 1543 998 1585 quod
1024 1543 1125 1585 longe
1152 1543 1249 1575 aliud
1277 1545 1435 1575 est—‘et
1459 1541 1672 1584 parentum?

125 1606 215 1637 quae
237 1605 320 1637 ergo
343 1595 508 1634 secunda,
526 1605 616 1637 quae
633 1595 740 1626 tertia
756 1594 974 1636 significatur
995 1595 1213 1626 nascentium
1234 1598 1445 1636 patrumque
1460 1593 1597 1625 tutela?
1642 1593 1672 1624 is

125 1647 218 1678 enim
243 1647 351 1686 locus,
371 1646 414 1678 de
433 1657 502 1688 quo
520 1657 579 1679 uu.
596 1647 660 1678 946
682 1657 731 1688 sq.
756 1657 868 1678 sermo
893 1647 974 1684 erit,
1000 1657 1064 1678 nec
1088 1649 1208 1688 patres
1232 1656 1295 1677 nec
1318 1648 1501 1677 nascentes
1524 1645 1672 1676 sortitus

125 1700 191 1738 est,
218 1697 280 1730 sed
304 1701 407 1730 natos
433 1700 572 1739 (nempe
597 1698 627 1729 si
652 1699 712 1739 qui
737 1697 851 1729 futuri
875 1701 959 1729 sunt
984 1698 1058 1729 eius
1083 1698 1144 1739 qui
1165 1697 1335 1736 nascitur)
1359 1700 1396 1728 et
1418 1699 1605 1739 parentum
1628 1695 1672 1727 de

124 1749 219 1782 natis
241 1752 336 1782 uota.
385 1749 464 1792 quis
487 1754 607 1781 autem
630 1760 699 1780 non
723 1749 884 1787 miratur,
905 1749 959 1780 cui
982 1749 1056 1781 sedi
1078 1754 1197 1790 patres
1213 1752 1249 1780 et
1265 1759 1356 1780 senes
1377 1747 1480 1779 modo
1496 1747 1673 1789 adsignati

125 1802 210 1840 sint,
232 1801 266 1833 ci
288 1811 381 1833 nunc
403 1804 546 1843 patrum
571 1804 608 1833 et
632 1800 841 1832 nascentium
865 1800 975 1832 tribui
1000 1800 1174 1832 tutelam?
1218 1803 1414 1842 sequuntur
1438 1798 1546 1831 uerba
1570 1798 1672 1830 intel·

124 1852 219 1884 lectu
235 1852 392 1884 carentia
411 1863 498 1894 quae
522 1852 586 1884 tali
609 1851 746 1884 condita
764 1863 851 1893 par-s
871 1857 929 1891 est,
947 1851 1076 1893 quibus
1097 1851 1264 1893 Scaligeri
1285 1851 1529 1883 emendatione
1550 1861 1672 1882 sensus

125 1904 253 1946 aliquis
268 1903 417 1942 accedit,
435 1903 497 1935 sed
517 1903 706 1945 languidus
723 1906 759 1935 et
775 1904 811 1935 iu
828 1903 889 1934 illo
905 1903 969 1934 tali
987 1913 1096 1945 paene
1118 1903 1269 1944 ineptus.
1319 1905 1495 1945 postremo
1510 1912 1672 1943 asperum

125 1955 297 1997 templum
322 1966 384 1987 cur
407 1955 567 1986 futurum
594 1955 642 1987 sit
667 1956 761 1994 (nam
787 1960 861 1987 erat
883 1960 1014 1995 tempu-s·
1035 1965 1078 1986 ne
1099 1955 1159 1996 qui
1182 1954 1313 1986 retinet
1334 1953 1476 1995 quidem
1497 1952 1671 1992 defendit)

124 2007 230 2049 plane
252 2017 322 2038 non
346 2010 504 2048 apparet,
522 2017 635 2048 neque
657 2007 748 2038 enim
765 2009 884 2048 patres
900 2006 1123 2047 potissimum
1145 2005 1294 2037 aduersa
1314 2005 1457 2037 fortuna
1477 2004 1673 2036 conflictari

125 2058 239 2091 solent
252 2070 261 2096 ;
285 2057 378 2090 unde
401 2057 557 2100 Scaliger
580 2068 682 2098 asper
703 2062 732 2089 et
754 2062 901 2089 attentus
922 2058 1083 2095 coniecit,
1105 2057 1199 2099 quod
1222 2056 1357 2088 adscita
1378 2056 1672 2098 interpolatorum

125 2110 295 2142 librorum
314 2109 491 2151 scriptura
509 2109 647 2141 titulum
665 2109 720 2141 cui
738 2109 782 2140 ad
802 2109 994 2141 Saturnum
1016 2108 1246 2147 referebatur,
1267 2108 1376 2140 donec
1397 2107 1545 2139 Iacobus
1565 2107 1671 2138 bono-

125 2172 204 2193 rum
230 2160 390 2193 codicum
420 2160 605 2193 lectionem
637 2160 790 2192 reduxit.
848 2160 878 2192 is
908 2164 1027 2192 autem
1056 2170 1196 2191 uersum
1226 2160 1290 2192 936
1320 2170 1400 2191 cum
1429 2158 1672 2201 praecedentis

125 2212 411 2254 insequentisque
442 2211 611 2251 dimidiis,
640 2211 762 2252 prima
779 2236 786 2244 .
807 2235 814 2243 .
837 2236 844 2243 .
865 2212 1037 2252 templum,
1073 2211 1187 2250 eiecit,
1220 2210 1349 2253 quibus
1380 2210 1525 2242 remotis
1554 2213 1671 2241 cetera

124 2265 258 2306 optime
281 2263 480 2296 cohaerent.
529 2263 590 2295 sed
612 2263 706 2305 quod
728 2263 789 2295 illa
810 2274 830 2294 a
851 2263 1007 2305 margine
1029 2263 1167 2294 uenisse
1189 2262 1394 2300 arbitratur,
1417 2262 1516 2304 prius
1536 2262 1670 2303 quaesi-

125 2320 202 2349 tum
217 2315 377 2357 oportuit
397 2314 490 2346 unde
511 2315 548 2346 in
569 2315 761 2356 marginem
779 2315 981 2352 uenissent;
1005 2325 1087 2346 nam
1105 2314 1210 2345 nimis
1226 2313 1353 2345 leuiter
1369 2313 1490 2345 fictum
1507 2318 1561 2344 est
1576 2312 1671 2354 quod

124 2367 304 2400 Breiterus
320 2377 434 2408 capro
449 2366 659 2408 glossemate
677 2366 722 2397 ad
740 2376 796 2398 uu.
814 2366 877 2398 946
890 2376 939 2407 sq.
957 2365 1135 2407 adscripta
1147 2376 1222 2397 esse
1238 2364 1326 2396 dicit
1340 2377 1348 2401 ;
1371 2375 1484 2406 neque
1499 2364 1591 2396 enim
1608 2366 1672 2396 aut

125 2419 196 2451 ullo
217 2418 268 2450 ibi
287 2417 496 2459 glossemate
519 2428 606 2459 opus
629 2420 707 2449 erat
730 2420 793 2448 aut
812 2417 983 2458 glossema
1001 2427 1075 2448 esse
1094 2420 1213 2458 potest
1231 2426 1391 2456 asperum
1412 2416 1475 2448 crit
1495 2416 1667 2455 templum.

124 2469 287 2513 equidem
307 2469 420 2501 solum
441 2480 473 2501 u.
493 2469 557 2501 936
578 2469 847 2511 suppositicium
871 2468 973 2507 duco,
992 2479 1032 2499 eo
1054 2468 1198 2500 consilio
1221 2467 1383 2499 additum
1406 2471 1448 2499 ut
1470 2467 1532 2498 illa
1550 2466 1672 2507 prima

124 2527 171 2554 esc
196 2521 300 2553 tutela
323 2521 469 2552 duorum
495 2525 686 2562 utcumque
711 2520 869 2561 intellegi
893 2523 1058 2561 possent;
1089 2530 1192 2561 quem
1217 2519 1278 2560 qui
1302 2519 1417 2558 finxit,
1440 2518 1569 2550 fefellit
1591 2528 1671 2549 eum

124 2584 194 2605 nou
218 2572 329 2604 solum
352 2574 518 2613 quartum
539 2571 600 2603 sed
624 2572 740 2603 omnia
757 2571 941 2603 duodecim
962 2571 1095 2613 templa
1111 2570 1156 2602 ad
1172 2575 1342 2602 nascentes
1361 2570 1549 2612 pertinere,
1568 2580 1670 2611 quae-

124 2635 192 2667 que
217 2625 253 2656 in
278 2623 424 2665 singulis
448 2623 603 2664 reposita
627 2626 721 2661 sunt,
749 2626 913 2664 parentes
938 2623 1026 2660 nati,
1054 2622 1148 2654 salus
1173 2621 1297 2661 morbi,
1324 2622 1476 2653 coniunx
1501 2631 1604 2660 mors,
1631 2631 1672 2652 ea

126 2676 242 2708 onmia
262 2685 336 2707 esse
356 2674 576 2706 nascentiimz.
625 2674 761 2716 reliqua
782 2685 947 2706 uersuum
969 2673 1126 2712 dimidia,
1140 2672 1261 2714 prima
1278 2677 1323 2704 est
1342 2673 1446 2704 tutela
1467 2673 1614 2704 duorum
1635 2676 1672 2704 et

125 2737 287 2769 asperum
313 2726 377 2758 erit
404 2726 566 2767 templum
593 2727 680 2764 (erac
708 2727 864 2766 tempus),
894 2725 987 2757 unde
1014 2725 1150 2756 uenisse
1182 2724 1382 2763 uideantur,
1411 2735 1490 2755 mox
1518 2723 1667 2755 dicetur.

124 2783 280 2811 ceterum
296 2777 489 2809 Bechertus
507 2777 669 2809 lacunam
690 2780 771 2818 post
792 2778 856 2809 936
877 2777 1067 2808 statuendo
1089 2776 1205 2808 effecit
1221 2775 1314 2807 utin
1331 2776 1391 2807 illo
1413 2786 1517 2807 uersu
1538 2775 1671 2807 seruari

124 2833 242 2873 posset
252 2839 341 2870 pars
358 2830 526 2870 (paco-um.
576 2839 662 2870 quae
679 2828 742 2860 tali
758 2828 895 2860 condita
909 2839 996 2869 pars
1012 2833 1058 2860 esc
1074 2852 1081 2860 .
1103 2852 1110 2860 .
1133 2853 1139 2860 .
1162 2829 1185 2867 )‚
1204 2827 1444 2865 difficultates,
1462 2837 1549 2869 quas
1564 2837 1671 2868 supra

124 2882 280 2925 exposui,
299 2891 370 2912 non
390 2881 541 2912 remouit
628 2879 716 2911 9371>
737 2889 842 2918 quem
859 2883 929 2918 ΕΜ,
948 2888 1040 2918 quae
1057 2883 1082 2911 G
1169 2881 1255 2911 fecit
1275 2878 1350 2912 cod.
1370 2878 1398 2910 F
1401 2879 1463 2911 lor.
1470 2903 1479 2918 ,
1498 2880 1566 2910 feci
1586 2881 1670 2910 GLM
