1931 3202
690 123 1176 168 ASTRONOMICON
1217 126 1265 167 Π
1693 132 1746 169 53

382 235 454 276 1110
477 235 600 277 uidet
621 235 777 285 Pisces,
798 236 925 278 audit
946 251 1058 292 quae
1079 237 1282 293 proxima
1303 238 1471 280 Librae.

380 323 458 351 nec
479 324 568 350 non
590 310 887 365 Arquitenens
908 326 1069 367 magno
1089 326 1242 367 parere
1264 312 1398 354 Leoni

258 392 323 424 505
383 383 563 425 auribus
584 386 718 439 atque
739 385 876 426 oculis
897 385 1043 426 sinum
1066 385 1293 428 fundentis
1314 386 1482 442 Aquari

381 457 629 513 conspicere
650 457 854 500 adsueuit
875 459 1100 515 solamque
1123 474 1178 500 ex
1199 460 1402 502 omnibus
1422 461 1552 502 astris

382 531 530 587 diligit
552 532 784 588 Erigonen.
845 536 998 574 contra
1020 533 1314 589 Capricornus
1335 535 1381 576 in
1402 535 1546 591 ipsum

381 606 602 648 conuertit
622 607 744 648 uisus
765 606 892 662 (quid
914 608 1030 648 enim
1052 608 1287 650 mirabitur
1307 609 1380 650 ille

382 680 535 729 maius,
556 681 603 721 in
625 681 818 736 Augusti
841 680 951 723 felix
972 697 1071 723 cum
1093 681 1270 724 fulserit
1291 686 1488 735 ortu1n3)

257 763 322 795 510
381 754 562 796 auribus
583 757 628 796 et
649 755 808 796 summi
830 759 981 811 captat
1002 756 1184 812 fastigia
1207 757 1376 799 Cancri.

381 831 429 869 at
449 828 595 870 nudus
618 829 815 871 Geminis
836 830 1029 872 intendit
1050 831 1273 886 Aquarius
1296 846 1446 872 aurem

381 902 700 958 sublimemque
722 904 827 945 colit
848 904 1067 946 Cancrum
1089 907 1346 960 spectatque
1368 905 1548 947 reducta

381 976 470 1018 tela
493 976 754 1033 Sagittiferi.
818 978 960 1020 Pisces
982 979 1038 1020 ad
1060 979 1271 1034 Scorpion
1293 994 1436 1021 acrem

382 1050 590 1092 derexere
612 1051 749 1093 aciem
772 1052 1043 1108 cupiuntque
1065 1053 1303 1095 adtendere
1326 1054 1531 1095 Taurum.

259 1134 323 1165 515
383 1125 463 1166 has
484 1128 647 1167 natura
667 1126 785 1168 uices
807 1127 977 1176 tribuit,
1000 1142 1100 1169 011111
1121 1127 1266 1169 sidera
1287 1128 1398 1169 fixit.

205 1281 271 1312 hoe
294 1282 348 1312 est
373 1280 467 1322 (nam
490 1280 599 1312 uerba
621 1280 756 1313 tradita
779 1280 932 1312 editores
956 1285 1187 1323 corruperunt
1211 1292 1274 1313 nec
1297 1284 1392 1314 recte
1419 1282 1673 1324 interpretatus
1701 1286 1756 1314 est

207 1332 264 1363 uir
284 1331 417 1374 alioqui
436 1332 591 1374 prudens
613 1335 649 1364 et
669 1336 795 1364 acutus
813 1332 1072 1364 lVinterfeldus
1093 1333 1135 1364 de
1152 1333 1281 1364 Auieni
1303 1334 1477 1375 metaphr.
1497 1345 1530 1375 p.
1552 1335 1606 1373 30)
1624 1334 1755 1365 circulo

208 1383 344 1415 aestiuo
371 1394 476 1425 supra
503 1394 539 1415 50
566 1384 694 1425 posito,
720 1384 777 1415 sed
804 1383 884 1422 Leo,
910 1384 968 1415 secl
998 1383 1127 1416 Cancer
1153 1384 1296 1416 borealis
1323 1385 1460 1417 tramite
1487 1386 1573 1417 caeli
1600 1385 1679 1424 (1100
1702 1390 1756 1417 est

208 1435 329 1466 eodem
345 1435 407 1466 illo
423 1435 567 1474 circulo)
588 1435 592 1474 Ι
613 1435 747 1467 uiscera
762 1435 967 1475 protendunt
1057 1435 1119 1466 503
1144 1445 1234 1474 quae
1251 1439 1413 1474 proxima.
1428 1439 1541 1468 librae
1558 1436 1755 1468 Bullialdus

208 1487 244 1518 in
261 1486 429 1528 Scaligeri
445 1486 500 1518 ed.
517 1488 547 1525 3,
567 1495 635 1524 que
651 1496 715 1525 per
731 1489 849 1518 omnia
864 1489 993 1518 libram
1008 1487 1101 1526 libri,
1117 1487 1211 1529 quod
1228 1491 1264 1519 et
1280 1488 1499 1520 mendacium
1517 1488 1635 1527 habet,
1655 1488 1757 1520 audit

208 1538 300 1570 enim
318 1537 482 1580 Scorpius
498 1538 693 1580 Virginem,
713 1542 749 1570 et
766 1539 801 1569 111
818 1538 889 1569 11115
906 1549 971 1578 per
992 1539 1107 1570 omnia
1129 1539 1268 1570 inanem
1290 1539 1476 1571 uerborum
1498 1550 1643 1578 sonum;
1667 1550 1756 1582 quae

208 1600 286 1621 cum
299 1594 395 1621 recte
408 1592 513 1631 atque
529 1592 570 1621 ut
586 1589 721 1631 aliquid
738 1590 933 1621 sententiae
946 1590 1130 1621 conferant
1146 1594 1323 1632 ponantur
1336 1591 1372 1622 in
1386 1600 1414 1622 11
1428 1591 1491 1625 724
1507 1591 1680 1632 noluitque
1695 1602 1757 1632 per

207 1641 325 1673 omnia
340 1643 475 1682 quaeri,
494 1649 540 1672 111
556 1642 598 1673 65
614 1641 792 1682 sanxitque
804 1652 871 1682 per
886 1641 1003 1673 omnia
1018 1652 1198 1680 summam,
1218 1644 1259 1674 68
1276 1653 1326 1684 sq.
1347 1642 1547 1683 quicumque
1561 1653 1625 1683 per
1640 1642 1753 1674 omnia

207 1703 305 1725 casus
324 1692 328 1734 Ι
350 1693 503 1724 humana
526 1692 563 1724 in
584 1693 659 1724 uita
677 1697 838 1733 poterant
863 1693 1060 1734 contingere,
1087 1702 1127 1724 1v
1150 1694 1210 1728 671
1237 1693 1397 1734 diue-sque
1422 1704 1485 1734 per
1507 1693 1624 1726 omnia
1647 1694 1752 1732 tellus,

208 1753 233 1775 V
248 1745 290 1776 65
306 1754 356 1786 sq.
373 1754 544 1785 ‘mumque
555 1754 622 1785 per
634 1744 749 1776 omnia
762 1744 901 1776 uerbum
918 1769 925 1776 .
947 1769 954 1776 .
977 1769 983 1776 .
1001 1749 1156 1785 portans,
1176 1745 1239 1779 473
1253 1745 1497 1786 aqilesqueper
1513 1745 1628 1777 omnia
1644 1756 1757 1777 seruos

206 1796 306 1834 (item
323 1805 337 1827 1
352 1795 417 1828 213
428 1806 558 1836 perque
574 1795 688 1827 omnia
705 1806 774 1836 par
786 1801 843 1834 est,
859 1805 899 1827 IV
917 1796 979 1827 160
990 1806 1118 1837 perque
1134 1796 1250 1828 omnia
1266 1796 1370 1828 seruit
1387 1808 1394 1833 ;
1418 1796 1508 1828 adde
1525 1807 1567 1828 ex
1584 1797 1755 1838 scriptore

208 1847 312 1879 huius
328 1847 515 1879 locutionis
532 1858 601 1878 non
617 1847 732 1878 minus
749 1847 894 1886 amanti,
910 1847 1059 1886 Velleio,
1079 1857 1108 1879 11
1125 1848 1166 1879 33
1185 1849 1213 1886 1,
1233 1849 1275 1880 35
1291 1848 1323 1886 2,
1342 1849 1385 1880 40
1399 1848 1432 1887 2,
1451 1849 1493 1880 69
1510 1850 1540 1886 6,
1560 1849 1602 1883 79
1620 1850 1649 1887 l,
1664 1849 1704 1880 91
1723 1850 1754 1886 3,

210 1899 273 1931 100
288 1900 320 1938 3,
334 1899 397 1930 125
409 1900 441 1937 5,
459 1899 519 1933 127
536 1900 564 1938 1,
580 1899 642 1931 130
652 1900 698 1938 5),
712 1899 776 1930 hoc
793 1899 868 1930 loco
885 1898 982 1930 nulla
995 1910 1073 1931 cum
1090 1899 1126 1930 ui
1139 1899 1278 1930 adiecta
1292 1910 1431 1931 uersum
1444 1902 1583 1931 tantum
1598 1900 1752 1941 explent.

202 1950 370 1991 proxima
386 1960 465 1981 cum
481 1951 517 1981 in
527 1960 557 1995 g)
573 1949 689 1982 omnia
711 1953 886 1982 mutatum
909 1953 1013 1989 esset,
1033 1951 1288 1982 consectarium
1309 1955 1386 1982 erat
1404 1953 1445 1982 ut
1466 1951 1646 1993 sequentis
1661 1952 1756 1983 uocis

208 2012 308 2033 casus
321 2001 366 2033 ad
377 2001 476 2033 audit
489 2001 821 2034 accommodaretur.
864 2012 1074 2043 quamquam
1092 2002 1127 2033 in
1141 2002 1326 2034 emendata
1342 2002 1518 2044 scriptura
1531 2002 1674 2034 datiuus
1687 2013 1755 2033 non

208 2053 417 2085 Latinitatis
433 2063 538 2084 causa
554 2053 649 2092 (uide
666 2062 679 2084 1
695 2054 759 2085 315
772 2053 938 2094 proxima
952 2053 1119 2094 frigyentis
1139 2053 1277 2093 Arctos)
1298 2053 1359 2085 sed
1375 2054 1640 2096 perspicuitatis
1657 2064 1754 2096 repo-

208 2104 344 2136 nendus
367 2107 459 2143 erat,
475 2105 532 2136 cui
555 2106 662 2136 etiam
686 2105 736 2136 sic
757 2105 892 2136 consuli
915 2108 1033 2146 potest
1056 2108 1097 2136 ut
1118 2105 1294 2136 scribatur
1316 2116 1402 2146 quae
1422 2105 1587 2146 proxima
1611 2105 1752 2137 Libram

207 2154 309 2199 <est>.
350 2155 486 2197 oditque
495 2166 559 2196 per
570 2155 687 2188 omnia
698 2156 824 2188 libram
836 2156 1016 2188 Bentleius
1030 2156 1245 2198 prauissime,
1262 2156 1405 2198 Scorpio
1416 2156 1577 2188 auditum
1589 2156 1752 2198 eripiens,

208 2207 328 2239 odium
351 2206 510 2239 tribuens
533 2218 603 2239 non
626 2207 754 2239 falsum
778 2207 837 2239 ille
860 2207 1003 2249 quidem
1026 2207 1086 2239 sed
1108 2207 1176 2239 alio
1197 2211 1234 2239 et
1255 2218 1316 2239 5110
1340 2208 1425 2246 1000,
1450 2207 1609 2239 uersibus
1633 2209 1750 2247 554—6,

209 2258 549 2291 commemorandum
638 2258 702 2289 504
718 2269 844 2300 parere
856 2259 1005 2297 comibus,
1025 2260 1201 2298 ὑπακούειν,
1218 2259 1311 2301 quod
1324 2259 1409 2300 quid
1422 2259 1469 2290 sit
1482 2259 1557 2290 dixi
1569 2259 1614 2290 ad
1627 2270 1660 2291 u.
1675 2260 1750 2297 468,

209 2309 382 2351 simulque
405 2320 467 2341 cur
489 2309 728 2351 Arquitenens
751 2310 926 2349 oboedire,
950 2309 1020 2342 Leo
1043 2312 1260 2350 προστάσσειν
1279 2311 1353 2342 51110
1379 2312 1516 2341 κελεύειν
1535 2313 1693 2352 putetur,
1713 2315 1752 2342 ut

209 2361 333 2394 Ludw.
347 2361 492 2392 Maxim.
513 2372 545 2402 p.
563 2362 624 2393 106
642 2363 681 2393 18
698 2362 787 2392 Λέων
805 2364 925 2392 κελεύει
941 2363 1071 2401 Τοξότῃ,
1087 2363 1228 2400 Τοξότησ·
1246 2363 1363 2393 ὑπείκει
1380 2363 1494 2392 Λέοντι
1582 2361 1644 2392 505
1668 2361 1752 2393 ordo

209 2415 263 2445 est
290 2412 477 2454 conspicere
507 2412 620 2444 sinum
647 2412 788 2454 Aquari
818 2412 853 2444 id
872 2413 1055 2453 fundentis
1156 2412 1219 2443 509
1242 2413 1357 2445 Germ.
1388 2413 1511 2454 phaen.
1543 2414 1618 2451 558,
1653 2412 1748 2445 Suet.

209 2465 300 2506 Aug.
321 2465 363 2496 94
451 2463 514 2494 510
537 2464 679 2495 auribus
702 2469 818 2505 captat
842 2468 883 2496 ut
906 2464 1033 2496 Catull.
1056 2465 1094 2496 61
1114 2465 1156 2496 54
1172 2474 1220 2505 sq.
1243 2469 1283 2503 te,
1308 2464 1461 2505 Hymen,
1483 2464 1601 2495 timeus
1624 2464 1751 2505 cupida

207 2526 313 2548 nouos
334 2514 338 2558 Ι
358 2519 473 2556 captat
490 2525 573 2547 aure
589 2515 746 2554 maritus,
766 2515 871 2557 Verg.
892 2516 978 2547 Aen.
1001 2524 1045 2547 111
1066 2517 1130 2547 514
1150 2515 1293 2547 auribus
1313 2526 1397 2547 aera
1413 2519 1539 2555 captat,
1559 2515 1661 2556 longe
1682 2515 1752 2547 alio

209 2577 312 2599 sensu
334 2577 375 2599 ac
398 2577 457 2598 uu.
481 2567 544 2599 496
568 2570 605 2598 et
627 2567 691 2599 519
714 2571 855 2607 captare
881 2567 1011 2598 (licitur
1098 2567 1223 2598 summi
1237 2566 1389 2607 fastigia
1415 2566 1551 2605 Cancri,
1579 2565 1749 2598 Cancrum

209 2619 246 2650 in
269 2629 404 2650 summo
425 2617 566 2660 fastigio
586 2619 740 2659 positum
761 2618 916 2655 zodiaci;
941 2618 1029 2650 Iimzc
1052 2618 1145 2649 enim
1168 2622 1251 2650 tenet
1273 2629 1295 2649 a
1315 2628 1444 2649 summo
1463 2617 1602 2657 Cancer,
1628 2617 1749 2659 Capri-

208 2680 330 2702 cornus
352 2669 394 2701 ab
418 2669 497 2707 imo,
523 2678 537 2701 1
557 2670 622 2703 672
710 2669 771 2699 511
796 2670 908 2701 nudas
933 2680 1001 2711 quo
1028 2669 1172 2701 consilio
1200 2672 1352 2711 ponatur
1378 2669 1452 2700 dixi
1476 2669 1521 2700 ad
1545 2669 1618 2701 498.
1668 2669 1750 2700 uide

209 2730 251 2752 1v
265 2720 328 2755 797
345 2720 485 2752 quenis
502 2721 580 2759 (1100
596 2725 650 2752 est
666 2721 858 2762 Aquarius)
874 2720 1168 2761 nudosformatzcs
1188 2720 1323 2752 mollior
1344 2725 1442 2752 artus
1529 2729 1651 2752 aurem
1674 2720 1747 2760 GL2,

208 2781 337 2804 aurum
359 2775 418 2803 ΒΜ
506 2771 569 2802 513
592 2782 705 2803 acrem
731 2772 915 2804 masculini
942 2772 1076 2814 generis
1103 2782 1177 2803 esse
1203 2772 1416 2814 persuadent
1443 2780 1472 2803 11
1499 2773 1563 2803 544
1590 2771 1752 2812 Scorpius

209 2834 299 2862 acer,
316 2824 392 2862 236,
411 2823 475 2855 213
493 2825 587 2863 (nam
603 2832 627 2854 v
643 2824 706 2858 697
730 2824 882 2863 omitto),
902 2823 1062 2866 quamuis
1079 2823 1242 2855 Valerius
1258 2823 1404 2855 Flaccus
1421 2833 1532 2855 acrem
1552 2822 1556 2864 l
1578 2822 1752 2855 intendens

209 2875 317 2908 aciem
341 2874 471 2907 dixerit
495 2883 541 2906 111
562 2875 623 2908 571
641 2885 691 2917 sq.
784 2875 846 2906 515
870 2875 969 2913 uices,
992 2875 1153 2907 adfectus
1176 2875 1271 2906 ultro
1295 2875 1451 2916 citroque
1475 2878 1587 2907 motos
1675 2877 1752 2906 fixit
