1931 3202
232 140 287 178 58
831 138 891 180 M.
925 138 1176 180 MANILII

404 265 457 292 ne
479 250 537 292 sit
559 249 810 291 mirandum
833 251 869 291 si
892 249 1047 291 foedus
1070 265 1157 292 non
1179 250 1312 292 datur
1333 251 1466 293 astris

282 334 344 367 578
406 339 516 380 quae
539 328 644 366 sunt
665 324 862 366 aduersis
885 325 1023 379 signis
1045 328 1232 381 cognata
1253 325 1439 381 trigona.

280 407 343 439 536
404 398 509 454 quin
531 398 665 440 etiam
687 398 864 440 breuior
885 399 999 440 ratio
1021 402 1087 440 est
1108 414 1186 455 per
1207 399 1335 455 signa
1355 399 1600 455 sequenda3

402 487 516 522 nam,
539 487 838 528 quaecumque
859 473 1006 514 nitent
1027 473 1223 514 humana
1243 474 1421 515 condita
1442 473 1586 515 forma

402 550 532 596 astra,
555 550 737 588 manent
759 547 846 588 illis
867 547 1046 589 inimica
1067 553 1112 589 et
1133 547 1252 589 uicta
1274 547 1479 589 ferarum.

403 620 478 662 sed
500 626 648 662 tamen
670 621 716 661 in
737 621 937 677 proprias
959 622 1169 663 secedunt
1190 621 1366 678 singula
1387 626 1556 664 mentes

279 705 342 736 540
402 699 445 737 et
466 695 645 751 priuata
665 698 828 750 gerunt
849 695 1028 737 secretis
1049 695 1251 737 hostibus
1272 711 1406 737 arma.

460 770 678 826 Lanigero
699 770 861 826 genitis
883 770 1046 812 bellum
1069 774 1135 813 est
1156 785 1254 812 cum
1277 771 1461 827 Virgine
1481 771 1599 813 natis

225 944 510 988 significaretque
536 943 749 976 contrarimn
773 944 882 976 locum
906 943 1087 976 habentia:
1116 954 1208 976 nunc
1234 944 1364 976 leniore
1391 955 1476 976 usus
1501 955 1578 976 sum
1603 943 1769 976 remedio.

227 998 357 1029 etenim
378 996 584 1028 inimicitiae
603 1006 693 1037 quae
709 996 803 1027 inter
824 996 932 1027 tertia
953 1006 1111 1038 quaeque
1132 996 1231 1037 signa
1252 995 1441 1028 intercedit
1457 996 1547 1027 duae
1562 995 1774 1028 adferuntur

226 1059 372 1081 causae:
397 1059 476 1085 una,
509 1047 553 1079 de
580 1058 649 1089 qua
675 1047 744 1078 iam
772 1058 830 1080 uu.
860 1048 991 1080 358-60
1017 1051 1053 1079 et
1077 1048 1184 1081 371-8
1207 1058 1320 1079 sermo
1345 1047 1428 1086 fuit,
1457 1058 1520 1089 per
1543 1048 1772 1090 participium

225 1100 433 1142 significata,
459 1099 497 1131 in
523 1105 758 1131 transuersum
785 1100 884 1131 uultu
910 1099 1025 1139 defixa
1047 1099 1209 1139 772alz'9710,
1237 1099 1302 1131 hoc
1329 1106 1383 1131 est
1407 1104 1521 1140 utpote
1546 1098 1660 1140 defixa
1675 1111 1684 1137 ;
1715 1099 1773 1131 cui

225 1152 373 1184 alteram
394 1151 573 1183 subnectit
596 1161 660 1192 que
682 1151 870 1192 particula,
896 1151 988 1192 qnod
1011 1151 1113 1182 certia
1137 1161 1286 1192 quaeque
1309 1150 1379 1183 illis
1401 1151 1518 1191 siquis,
1544 1161 1772 1192 quaecumque

225 1204 312 1235 inter
337 1214 369 1235 se
396 1202 574 1235 contraria
601 1207 691 1241 sunt,
722 1202 897 1243 utriusque
928 1202 1067 1243 triqona
1088 1202 1266 1243 feruntur.
1315 1213 1390 1234 rem
1419 1202 1566 1244 exponit
1596 1202 1771 1244 Scaliger:

227 1259 235 1272 ‘
248 1258 354 1288 sunto
375 1254 445 1286 duo
467 1254 641 1296 opposita,
660 1253 767 1285 Libra
788 1258 825 1286 et
846 1254 959 1286 Aries.
1009 1255 1157 1286 tertium
1179 1254 1318 1296 signum
1337 1254 1516 1296 utrimque
1535 1254 1580 1285 ab
1600 1254 1773 1286 alterutro

225 1312 278 1339 est
300 1307 477 1348 trigonum
500 1306 648 1337 alterius
670 1306 836 1347 oppositi.
884 1306 1029 1337 tertium
1053 1306 1192 1347 signum
1217 1306 1394 1347 utrimque
1415 1305 1460 1337 ab
1479 1305 1612 1344 Ariete,
1632 1305 1771 1337 Gemini

225 1365 262 1391 et
284 1359 474 1400 Aquarius,
500 1358 641 1399 trigona
667 1357 795 1389 Librae
820 1358 911 1398 signi
934 1357 1098 1399 oppositi.
1147 1357 1269 1389 eodem
1293 1357 1396 1389 modo
1419 1357 1528 1389 tertia
1550 1357 1729 1399 utrimque
1752 1367 1773 1388 a

224 1410 329 1443 Libra
351 1410 421 1442 Leo
443 1414 480 1441 et
501 1409 716 1451 Sagittarius
737 1412 821 1441 sunt
842 1409 983 1451 trigona
999 1409 1133 1440 Arietis
1150 1409 1240 1450 signi
1256 1408 1430 1451 oppositi’
1519 1408 1582 1440 577
1597 1418 1641 1441 ne
1658 1411 1707 1440 sit
1722 1411 1766 1446 M,

223 1465 338 1495 nescit
352 1464 413 1500 GL,
433 1471 489 1493 nec
505 1462 548 1492 sic
564 1461 639 1492 cod.
660 1460 831 1499 Cusanus,
852 1461 946 1502 quod
962 1464 1083 1492 utrum
1100 1461 1184 1492 mali
1200 1460 1283 1492 libri
1299 1471 1416 1492 amore
1435 1471 1480 1492 an
1501 1461 1582 1502 puri
1601 1460 1771 1492 sermonis

224 1514 463 1555 orationisque
490 1516 573 1554 apte
603 1513 830 1544 continuatae
861 1511 942 1544 odio
974 1523 993 1543 a
1019 1512 1193 1544 Becherto
1223 1512 1375 1544 inlatum
1402 1512 1583 1544 Breiterus
1614 1512 1771 1544 tenuerit

223 1577 324 1608 aegre
352 1564 549 1606 dispicitur.
598 1563 681 1595 uide
712 1564 757 1596 ad
788 1573 802 1595 1
833 1565 896 1598 557
927 1564 1098 1595 adnotata
1198 1566 1321 1596 foedus
1352 1575 1546 1606 anonymus
1577 1563 1645 1595 ΕΠ.
1673 1568 1766 1597 noct.

224 1617 317 1649 Mau.
340 1628 372 1659 p.
392 1617 457 1648 214
478 1620 515 1648 et
536 1615 700 1657 Scaliger,
721 1619 878 1654 phoebus
898 1619 944 1654 Μ,
963 1619 1099 1654 phebus
1120 1619 1170 1647 GL
1266 1615 1329 1647 578
1353 1618 1513 1648 aduersis
1536 1614 1609 1654 GL2‚
1628 1618 1771 1647 aduersi

222 1672 291 1708 ΒΜ,
334 1667 475 1700 aduersi
496 1692 503 1699 .
525 1693 533 1700 .
554 1692 561 1700 .
582 1667 709 1708 crissoni
749 1668 827 1706 (hcc
865 1667 940 1700 cod.
979 1667 1089 1707 Flor.)
1126 1667 1281 1709 Scaliger
1314 1678 1424 1709 praua
1461 1668 1650 1706 sententia,
1690 1678 1769 1699 cum

224 1721 424 1762 requiratur
450 1720 677 1751 aduersorum
702 1719 924 1760 trz'slonorum.
973 1730 1055 1750 nam
1079 1720 1187 1751 tertia
1210 1719 1316 1751 alicui
1340 1720 1439 1761 signo
1462 1723 1570 1758 astra,
1596 1730 1676 1751 cum
1699 1718 1770 1750 duo

225 1773 307 1811 sint,
326 1773 434 1814 signis
453 1771 545 1813 (plus
564 1771 639 1810 uni)
661 1771 792 1813 trigoni
813 1771 867 1802 illi
888 1771 1040 1809 aduersi,
1060 1771 1124 1802 hoc
1146 1774 1200 1803 est
1222 1771 1287 1811 sui,
1307 1775 1456 1812 cognata
1478 1782 1552 1803 esse
1574 1775 1767 1812 nequeunt,

222 1835 371 1867 quorum
388 1834 496 1854 unum
512 1823 625 1854 solum
642 1827 802 1864 superest
816 1835 823 1854 ε
849 1827 999 1864 cognata
1019 1826 1104 1854 sunt
1124 1823 1233 1854 tertia
1248 1826 1346 1854 astra
1364 1822 1512 1854 aduerso
1528 1823 1604 1854 siue
1619 1823 1770 1864 septimo

223 1877 333 1918 siguo,
361 1875 469 1907 tertia
494 1885 652 1916 quaeque
676 1874 835 1906 aduersis
859 1875 979 1916 signis.
1029 1885 1147 1906 ueram
1172 1875 1395 1915 scripturam,
1421 1885 1526 1916 quam
1549 1885 1593 1906 ne
1615 1874 1770 1916 Scaliger

223 1928 366 1970 quidem
393 1926 667 1968 improbauerat,
698 1925 841 1957 reduxit
868 1926 1028 1958 Iacobus.
1078 1937 1199 1958 sensus
1229 1930 1284 1958 est
1313 1926 1378 1957 ‘ab
1405 1926 1485 1957 aliis
1512 1927 1618 1958 astris
1645 1925 1770 1958 foedus

222 1983 372 2021 negatur
388 1979 438 2010 eis
454 1978 559 2009 astris
575 1988 664 2019 quae
685 1978 794 2019 signis
817 1989 859 2009 ex
880 1978 1021 2010 illorum
1044 1978 1194 2009 aduerso
1216 1978 1342 2019 positis
1363 1982 1513 2019 cognata
1534 1981 1618 2010 sunt
1639 1978 1770 2020 trigoni

222 2030 383 2069 ratione‚'
408 2040 497 2072 quae
523 2030 685 2070 cognatio
709 2030 863 2061 maxima
887 2033 952 2061 est.
1002 2031 1120 2071 potuit
1148 2029 1263 2061 dicere
1291 2029 1434 2070 criffono,
1462 2029 1524 2061 sed
1551 2029 1766 2062 adiectiuum

223 2083 343 2115 eodem
368 2082 462 2114 redit
550 2081 699 2112 536-538
723 2082 956 2123 geometricae
981 2081 1249 2113 inimicitiarum
1273 2081 1403 2113 rationi
1426 2081 1632 2122 adiungitur
1655 2081 1768 2113 altera

222 2146 242 2166 a
258 2134 398 2166 diuersa
414 2134 591 2175 signorum
613 2138 741 2164 natura
762 2133 882 2172 ducta,
903 2144 993 2175 quae
1010 2133 1144 2165 breuior
1164 2133 1296 2164 dicitur
1312 2136 1353 2165 ut
1374 2133 1430 2164 cui
1452 2133 1677 2175 exponendae
1699 2133 1768 2165 duo

223 2197 345 2218 uersus
363 2185 551 2223 sufficiant,
571 2195 650 2216 cum
666 2184 728 2216 illa
751 2188 887 2226 septem
906 2185 1098 2227 quaesierit
1187 2184 1249 2215 538
1273 2184 1414 2216 diuersa
1435 2195 1514 2216 cum
1536 2185 1571 2216 ui
1591 2185 1768 2217 adiectiuo

223 2237 362 2269 inimica
400 2240 436 2268 et
474 2236 567 2268 uic-ta
604 2236 793 2278 participio
831 2236 977 2268 datiuus
1015 2236 1159 2268 additur
1262 2236 1325 2267 539
1349 2236 1413 2267 540
1436 2241 1638 2278 supersunt,
1678 2247 1769 2279 quac

222 2293 385 2321 neutram
404 2288 449 2320 ad
470 2289 643 2320 rationem
664 2288 789 2320 referri
807 2291 968 2330 possunt,
987 2289 1131 2330 priuata
1151 2288 1231 2319 odia
1247 2298 1289 2319 ex
1310 2298 1404 2319 mera
1422 2288 1569 2320 libidine
1590 2292 1765 2330 suscepta,

223 2341 349 2373 Leonis
375 2339 629 2382 Sagittariique
657 2350 740 2381 erga
771 2339 965 2381 Scorpium,
999 2351 1082 2381 erga
1113 2339 1231 2371 Pisces
1262 2339 1447 2381 Sagittarii
1535 2339 1599 2370 540
1621 2339 1764 2379 secretis,

221 2393 371 2435 propriis
391 2397 428 2423 et
442 2391 690 2433 peculiaribus,
707 2394 749 2423 ut
765 2391 841 2423 Liu.
859 2401 872 2423 1
886 2392 928 2423 5⁶2
940 2393 960 2424 6
977 2402 1016 2423 ne
1032 2392 1149 2423 (lucem
1165 2402 1263 2423 suum
1278 2401 1360 2423 neue
1376 2396 1568 2423 secretum
1584 2391 1767 2432 imperium

218 2445 408 2485 propriaue
438 2443 537 2483 siqua
562 2443 731 2480 haberent,
760 2443 895 2475 miscuit
920 2443 1126 2484 manipulos.
1175 2443 1308 2475 secretis
1333 2443 1480 2474 hostibus
1507 2442 1685 2475 ablatiuus
1712 2447 1767 2475 est

222 2507 326 2538 quem
342 2495 402 2527 uix
419 2496 507 2527 satis
523 2498 606 2536 apte
625 2494 826 2526 absolutum
849 2494 957 2534 dicas,
976 2496 1108 2537 quippe
1131 2495 1188 2527 cui
1206 2494 1420 2526 absoluendo
1441 2494 1534 2526 desit
1553 2494 1651 2526 uerbi
1672 2495 1765 2537 quod

222 2551 276 2579 est
299 2558 373 2579 sum
397 2547 634 2588 participium,
659 2547 746 2577 ἰδίων
768 2548 880 2578 αὐτοῖσ
902 2548 1001 2578 ὄντων
1023 2547 1198 2586 πολεμίων,
1223 2551 1362 2579 secretos
1383 2546 1489 2578 hostes
1509 2546 1690 2579 habentia:
1716 2547 1766 2578 sic

223 2599 293 2632 Cic.
325 2598 369 2630 de
392 2609 458 2640 r.p.
486 2607 515 2629 11
539 2600 558 2630 5
583 2598 674 2639 quod
697 2597 727 2629 ei
740 2598 817 2638 fuit
840 2598 902 2630 illa
929 2609 1036 2630 manu
1063 2598 1233 2639 copiisque
1251 2597 1477 2639 facillimum,
1504 2597 1567 2629 hoc
1591 2601 1644 2630 est
1667 2598 1764 2630 illam

221 2661 364 2682 manum
389 2651 575 2692 copiasque
602 2649 756 2681 habenti.
807 2650 892 2681 haec
916 2657 957 2682 ut
979 2650 1067 2682 mihi
1091 2649 1296 2692 exponenda
1319 2654 1436 2681 esseut
1460 2650 1653 2681 communis
1676 2650 1764 2692 Fayi

223 2702 455 2743 Pingraeiquc
491 2701 578 2733 fecit
612 2712 720 2740 error,
757 2702 817 2742 qui
852 2701 1042 2743 significari
1076 2704 1205 2743 putant
1246 2703 1254 2718 ‘
1269 2701 1399 2733 bellum
1433 2705 1562 2743 gerunt
1595 2701 1764 2734 aduersus

222 2753 377 2785 occultos
408 2753 545 2785 hostes'
648 2752 798 2783 541-569
822 2753 1006 2784 duodecim
1035 2754 1214 2795 signorum
1244 2753 1460 2785 inimicitiae.
1511 2764 1552 2785 ex
1584 2753 1638 2785 his
1668 2762 1762 2785 XXIX

223 2805 392 2843 uersibus,
427 2804 471 2836 ad
498 2815 584 2845 quos
615 2804 820 2836 tractandos
851 2804 1005 2846 Scaliger
1035 2808 1209 2836 commoto
1239 2805 1356 2836 animo
1386 2804 1530 2836 uidetur
1564 2805 1760 2843 accessisse,

223 2856 357 2897 primus
381 2855 515 2897 aliquid
539 2855 633 2897 quod
661 2866 765 2887 sanae
789 2857 916 2888 mentis
941 2856 1074 2888 homini
1097 2856 1302 2888 conueniret
1325 2855 1442 2887 effecit
1465 2856 1664 2888 Gronouius
1686 2855 1758 2888 obs.

224 2916 253 2939 11
278 2918 305 2939 c.
335 2909 355 2939 5
451 2906 512 2937 541
540 2909 671 2945 genitis
701 2906 749 2946 Ἡ),
782 2910 902 2945 gentis
932 2911 1016 2940 GLM
1115 2918 1192 2940 cum
1222 2907 1358 2948 Vir-gline
1389 2907 1491 2947 natis,
1521 2918 1600 2939 cum
1626 2907 1675 2939 eis
1702 2908 1763 2950 qui
