1931 3202
624 112 1109 157 ASTRONOMICON
1149 112 1199 153 II
1631 113 1685 151 23

377 227 483 283 quin
504 242 593 268 non
615 227 738 267 nulla
760 226 843 267 tibi
864 225 987 267 nullo
1007 226 1283 266 monstrante
1304 223 1548 278 loquuntur

319 303 529 358 Neptuno
550 302 706 343 debere
727 316 878 358 genus,
900 300 1153 356 scopulosus
1173 299 1220 339 in
1241 297 1373 339 undis

194 385 258 417 225
319 375 487 418 Cancer
508 379 551 417 et
572 376 710 417 effuso
730 375 974 431 gaudentes
996 388 1183 430 aequore
1205 373 1360 414 Pisces

319 453 377 499 at,
399 465 510 505 quae
530 453 707 492 terrena
727 452 962 491 censentur
983 447 1128 490 sidera
1149 450 1278 497 sorte,

318 524 520 580 princeps
541 523 730 565 armenti
752 524 924 564 Taurus
943 536 1168 578 regnoque
1190 520 1405 577 superbus

316 599 503 654 lanigeri
523 598 670 654 gregis
690 600 757 639 est
777 598 905 639 Aries
925 597 1148 653 pestisque
1169 596 1357 638 duorum

317 673 639 728 praedatorque
661 672 749 714 Leo
771 676 807 713 ei
829 671 1023 713 dumosis
1045 670 1253 726 Scorpius
1273 669 1404 711 aruis.

195 757 259 789 230
318 751 422 789 sunt
443 747 576 789 etiam
598 746 768 788 mediae
789 746 898 802 legis
919 746 1168 788 communia
1189 746 1328 801 signa,

145 918 333 960 Euripides
352 918 388 951 in
404 918 594 961 Meleagro,
615 918 711 951 Stob.
727 917 800 950 fior.
816 919 857 950 64
879 919 928 956 10,
949 918 969 956 ἡ
991 919 1055 958 ’γὰρ
1078 918 1208 958 Κύπρισ
1232 918 1357 956 πέφυκε
1379 915 1424 957 τῷ
1445 916 1549 955 σκότῳ
1574 913 1686 956 φίλη,Ι

144 971 183 1001 τὸ
212 972 286 1010 φῶο·
313 968 340 1002 δ’
368 972 513 1010 ἀνάγκην
545 972 737 1011 προστίθησι
764 971 940 1010 σωφρονεῖν
1038 969 1206 1001 librorum
1237 969 1448 1010 scripturam
1465 967 1621 1008 feminea
1651 966 1688 998 in

144 1026 272 1053 noctem
287 1024 475 1054 seruarunt
491 1021 640 1054 Iacobus
657 1021 850 1053 Bechertus
867 1021 1058 1060 Breiterus,
1078 1020 1205 1062 quibus
1222 1019 1339 1052 uerbis
1355 1030 1459 1061 quam
1476 1019 1688 1050 sententiam

144 1073 359 1105 subiecerint
380 1073 538 1105 homines
561 1073 702 1115 linguae
724 1073 873 1104 Latinae
896 1072 1009 1114 ignari
1030 1082 1157 1114 quaere
1180 1072 1274 1113 apud
1291 1071 1457 1103 Iacobum
1479 1081 1538 1112 pp.
1557 1071 1621 1102 214
1634 1079 1685 1111 sq.

143 1123 294 1156 223-233
318 1125 438 1157 umida
459 1125 534 1157 siue
558 1127 669 1166 ἔνυδρα
693 1129 777 1156 sunt
800 1124 933 1157 Cancer
957 1128 993 1155 et
1014 1123 1142 1161 Pisces,
1165 1126 1306 1154 terrena
1329 1123 1404 1154 siue
1427 1123 1564 1163 χερσαῖα
1587 1121 1689 1153 Aries

145 1176 282 1208 Taurus
298 1176 369 1208 Leo
385 1177 560 1218 Scorpius,
575 1177 772 1208 communia
783 1176 1017 1218 Capricornus
1034 1179 1069 1207 et
1085 1176 1265 1217 Aquarius
1279 1186 1288 1213 ;
1313 1174 1356 1206 de
1372 1174 1530 1206 Geminis
1542 1173 1690 1214 Virgine

144 1227 251 1260 Libra
275 1227 466 1270 Sagittario
487 1228 667 1260 silentium
691 1231 754 1266 est,
781 1238 870 1269 quae
893 1227 1015 1259 Ludw.
1036 1227 1183 1258 Maxim.
1208 1237 1242 1268 p.
1264 1227 1326 1258 106
1349 1227 1413 1258 6-9
1436 1226 1529 1257 inter
1552 1225 1690 1266 χερσαῖα.

144 1279 356 1313 referuntur.
416 1280 565 1312 aliorum
598 1280 731 1321 placita
764 1280 801 1310 in
834 1279 1053 1321 praefatione
1084 1278 1208 1320 collegi
1307 1277 1370 1308 223
1405 1280 1492 1316 quin
1522 1276 1687 1318 Scaliger,

145 1334 231 1369 quid
246 1334 292 1370 Μ,
311 1334 404 1368 quod
425 1335 474 1363 GL
554 1333 622 1363 tibi
644 1331 834 1369 Lanuoius,
860 1333 928 1362 sibi
951 1329 1053 1362 libri:
1088 1330 1152 1362 203
1178 1340 1236 1361 nec
1261 1334 1290 1361 te
1311 1333 1520 1370 praetereat,
1545 1329 1609 1359 244
1632 1338 1690 1359 nec

146 1387 183 1414 tu
199 1407 206 1415 .
228 1407 235 1414 .
256 1407 264 1414 .
279 1387 389 1424 pute-s.
439 1383 505 1414 sibi
520 1382 711 1424 loquantur
734 1393 853 1421 necne,
872 1382 958 1424 quid
980 1381 1025 1414 ad
1046 1385 1133 1414 nos?
1220 1380 1285 1412 224
1308 1381 1510 1421 scopulosus,
1529 1380 1688 1418 litoreus,

145 1437 187 1466 ut
208 1445 367 1476 cercyros
383 1434 485 1466 Ouid.
506 1434 575 1466 hal.
598 1434 659 1466 102
674 1434 969 1475 scopulorumfine
989 1438 1152 1464 moratus.
1202 1433 1280 1464 Ael.
1300 1432 1370 1464 h.a.
1395 1441 1451 1463 VII
1472 1432 1516 1463 24
1536 1433 1690 1472 καρκίνων

145 1487 224 1525 ’γένη
242 1487 378 1527 διάφορα.
395 1488 448 1517 καὶ
469 1488 556 1526 φῦλα
573 1487 703 1517 ποικίλα
725 1487 829 1516 ἀκούω
845 1487 934 1516 εἶναι.
985 1487 1038 1516 καὶ
1057 1486 1121 1524 ’γὰρ
1143 1486 1196 1515 οὖν
1220 1486 1273 1515 καὶ
1297 1485 1474 1524 πετραῖοί
1499 1485 1589 1514 εἰσιν.
1639 1483 1692 1515 ita

145 1536 264 1579 Priap.
285 1539 323 1570 6’1
345 1539 381 1569 11
407 1548 555 1578 aquosus
578 1547 679 1568 anser
701 1547 764 1578 pro
788 1537 962 1578 aquatico,
989 1535 1067 1568 Seu.
1089 1535 1173 1568 Oed.
1196 1536 1258 1567 152
1281 1535 1448 1567 latebrosa
1471 1545 1606 1575 serpens
1627 1544 1691 1576 pro

144 1588 363 1627 latebricola,
390 1589 481 1621 Plin.
510 1589 584 1620 n.h.
610 1597 662 1620 XV
695 1590 738 1620 24
760 1588 893 1629 frutice
931 1598 1051 1619 saxoso
1090 1598 1153 1629 pro
1186 1587 1351 1625 saxatili;
1389 1597 1471 1618 nam
1505 1586 1692 1627 paludosos

143 1640 352 1681 Suqambros
366 1640 470 1682 Prop.
490 1649 531 1671 IV
554 1641 574 1672 6
598 1640 638 1674 77
656 1640 781 1671 dubito
797 1644 916 1671 utrum
938 1650 1001 1681 pro
1022 1638 1240 1680 palustribus
1261 1638 1416 1681 positum
1437 1638 1485 1670 sit
1505 1648 1550 1669 an
1572 1637 1692 1679 potius

145 1692 190 1724 ad
212 1691 249 1724 id
270 1702 380 1734 genus
403 1692 582 1734 pertineat
598 1692 641 1723 de
662 1702 731 1733 quo
747 1691 791 1722 ad
814 1700 854 1722 IV
876 1691 939 1724 602
960 1691 1149 1722 dicendum
1171 1691 1240 1722 erit
1328 1689 1391 1721 225
1413 1698 1566 1728 aequore
1587 1688 1688 1721 codd.

145 1743 246 1776 Bodl.
267 1747 303 1775 et
326 1744 480 1782 Monac.,
498 1746 536 1775 in
559 1752 712 1781 aequore
736 1746 820 1774 GLM
843 1742 1104 1784 praepositione
1129 1753 1170 1773 ex
1194 1752 1299 1773 uersu
1323 1742 1502 1783 superiore
1525 1741 1688 1783 repetita.

145 1795 235 1827 falso
258 1795 412 1837 Scaliger
437 1795 503 1827 ‘ad
527 1795 807 1826 catasterismum
832 1794 984 1826 Piscium
1008 1794 1147 1826 alludit.
1181 1804 1263 1825 nam
1284 1793 1403 1825 Pisces
1424 1793 1461 1825 in
1481 1803 1581 1834 aqua,
1603 1803 1693 1834 quae

146 1846 191 1878 ab
214 1857 303 1878 urna
318 1847 468 1889 Aquarii
490 1845 626 1885 defluit,
646 1847 815 1878 dicuntur
837 1846 1002 1884 natare'3
1026 1856 1139 1887 neque
1161 1845 1254 1876 enim
1277 1855 1407 1886 aequor
1428 1845 1489 1876 illa
1512 1855 1602 1886 aqua
1624 1847 1690 1882 est,

147 1898 209 1930 sed
225 1898 327 1937 fusio,
346 1901 467 1938 χύσισι
492 1899 567 1940 ipse
584 1901 702 1929 autem
719 1898 898 1939 Aquarius
917 1908 979 1929 cur
1000 1907 1186 1938 aequoreus
1208 1896 1338 1928 iuuenis
1359 1896 1557 1938 appelletur
1578 1896 1691 1927 dicam

147 1950 192 1982 ad
230 1959 260 1982 11
290 1951 364 1982 558.
428 1951 535 1982 immo
573 1949 792 1991 significatur
829 1960 938 1991 genus
969 1949 1174 1980 uniuersum
1204 1959 1285 1987 non,
1319 1949 1412 1980 sicut
1441 1948 1569 1987 cancri,
1602 1947 1694 1979 circa

147 2002 308 2043 scopulos
331 2002 477 2033 haerens
501 2001 562 2033 sed
583 2002 671 2033 mari
692 2001 846 2043 gaudere
867 2001 1009 2033 solitum
1030 2000 1171 2042 patenti
1192 2003 1298 2041 atque
1320 1999 1450 2032 effuso:
1480 1999 1565 2031 Hor.
1586 1999 1688 2041 epist.

147 2062 162 2085 1
187 2054 224 2085 ll
253 2054 296 2086 26
318 2053 410 2085 locus
435 2053 530 2094 effusi
556 2053 623 2085 late
649 2052 759 2084 mari-3
784 2052 923 2091 arbiter,
948 2052 1041 2083 Vell.
1066 2061 1095 2083 II
1119 2053 1162 2084 43
1189 2053 1204 2083 1
1230 2052 1463 2092 effusissimum
1487 2050 1693 2083 Hadriatici

145 2105 257 2137 maris
270 2105 403 2137 traiecit
419 2105 543 2144 sinum,
556 2104 639 2136 Luc.
655 2113 668 2136 Ι
681 2105 744 2136 605
755 2115 804 2146 sq.
821 2104 960 2145 efflas-am
972 2104 1079 2144 longus
1091 2103 1306 2144 anfractibus
1322 2103 1437 2135 urbem
1452 2101 1456 2144 1
1471 2103 1688 2141 circumeunt,

147 2165 188 2188 IV
214 2157 254 2189 19
279 2156 426 2197 explicat
451 2155 528 2188 hinc
553 2156 650 2188 tellus
674 2167 810 2196 campos
835 2156 940 2196 effusa
959 2155 1121 2196 patenti-3,
1148 2164 1189 2186 VI
1212 2156 1277 2189 270
1300 2154 1400 2196 effuso
1424 2154 1522 2186 laxat
1545 2153 1691 2186 tentoria

147 2218 280 2249 campo,
302 2217 376 2239 VIII
399 2200 469 2241 369
484 2218 533 2249 sq.
554 2209 724 2249 effusaque
745 2208 851 2248 plano
872 2207 876 2248 Ι
901 2206 1056 2247 Tz'gyridis
1079 2217 1170 2238 arua
1193 2207 1261 2238 solo
1349 2205 1413 2236 226
1436 2209 1476 2238 at
1498 2205 1690 2238 Bechertus

147 2260 341 2291 orationem
364 2259 455 2291 male
478 2259 710 2301 distinguens,
730 2263 771 2290 ut
795 2259 877 2290 libri
901 2260 976 2290 sine
1001 2269 1116 2297 sensu,
1138 2269 1251 2300 neque
1273 2258 1364 2289 enim
1389 2257 1559 2299 Neptuno
1582 2268 1691 2298 genus

149 2311 279 2343 debent
303 2315 465 2349 terrena;
499 2317 576 2342 sunt
601 2310 793 2350 Breiterus,
823 2311 879 2342 eui
907 2310 1127 2342 coniecturae
1151 2320 1229 2341 cum
1257 2314 1470 2351 repugnaret
1493 2314 1539 2340 est
1565 2320 1599 2341 u.
1626 2309 1690 2341 228

146 2364 313 2405 positum,
341 2363 406 2394 hoc
427 2373 566 2404 quoque
589 2365 764 2394 mutatum
787 2362 840 2393 iit.
890 2361 1070 2393 antecedit
1094 2362 1316 2392 enuntiatum
1339 2361 1537 2399 relatiuum,
1564 2363 1604 2392 ut
1629 2362 1688 2392 181

147 2418 185 2446 et
209 2415 272 2447 192
359 2414 423 2445 228
445 2417 558 2452 pestis
574 2413 774 2446 Gronouius
797 2413 868 2445 obs.
890 2422 935 2444 111
952 2424 979 2444 c.
1003 2414 1053 2451 15,
1072 2415 1183 2451 positi
1199 2415 1259 2451 GL,
1277 2415 1378 2450 posid.
1398 2415 1444 2450 M,
1462 2414 1590 2450 positis
1610 2412 1687 2444 cod.

148 2465 319 2504 cusanus,
333 2468 448 2498 hostis
463 2465 619 2507 Scaliger
706 2465 770 2496 229
793 2468 829 2496 et
845 2465 986 2496 addidit
1001 2464 1194 2502 Bentleius,
1210 2469 1247 2495 et
1262 2464 1450 2502 sententia,
1465 2463 1508 2495 de
1524 2474 1594 2505 qua
1609 2474 1690 2495 mox

148 2518 274 2556 dicam,
292 2517 496 2559 postulante
511 2520 560 2555 et,
578 2517 672 2559 quod
691 2516 946 2548 animaduertit
962 2516 1155 2547 Bechertus
1171 2515 1215 2547 de
1231 2515 1327 2547 Man.
1343 2515 1477 2547 emend.
1498 2519 1563 2548 rat.
1580 2526 1613 2557 p.
1634 2517 1686 2554 55,

148 2569 319 2601 suadente
333 2572 468 2607 metro;
492 2569 541 2600 leo
557 2569 649 2600 enim
666 2568 807 2600 finalem
827 2567 921 2610 apud
939 2568 1126 2599 Manilium
1149 2570 1290 2609 praeter
1310 2567 1402 2598 hunc
1423 2567 1536 2598 locum
1557 2567 1691 2599 octiens

149 2621 306 2662 corripit,
320 2621 426 2652 semel
442 2620 605 2662 producit
618 2621 654 2651 in
667 2630 770 2651 uersu
783 2620 998 2661 interpolato
1014 2628 1038 2650 v
1051 2620 1124 2653 697.
1167 2618 1303 2650 accedit
1315 2622 1354 2650 ut
1367 2618 1423 2649 hie
1435 2618 1629 2650 uersiculus
1645 2618 1690 2650 ad

149 2671 327 2713 exemplar
348 2671 591 2713 Vergilianum
612 2671 727 2703 factus
749 2671 807 2709 sit,
831 2681 947 2713 georg.
968 2680 997 2702 11
1022 2672 1084 2703 180
1104 2670 1211 2702 tenuis
1227 2670 1285 2702 ubi
1304 2670 1433 2710 argilla
1455 2674 1489 2702 ec
1512 2669 1690 2702 dumosis

149 2724 298 2756 calculus
321 2723 445 2755 arui-s.
493 2723 555 2755 sed
576 2723 661 2754 ordo
682 2723 880 2761 uerborum,
903 2733 1006 2764 quem
1027 2722 1088 2763 qui
1109 2722 1241 2763 ceperit
1261 2722 1345 2753 noui
1365 2721 1551 2760 neminem,
1570 2721 1687 2753 huius-

148 2775 243 2807 modi
259 2777 322 2813 est,
347 2774 484 2806 Taurus
497 2774 645 2806 armenti
655 2774 817 2815 princeps
838 2778 894 2812 est,
913 2784 1014 2814 reyno
1034 2773 1182 2814 lanigeri
1200 2773 1312 2814 yreslis
1326 2773 1489 2813 superbus
1509 2777 1555 2805 est
1570 2773 1686 2812 Aries,

144 2826 250 2868 pestis
260 2826 516 2867 praedatorque
532 2827 677 2858 duorum
693 2831 769 2858 sunt
786 2825 855 2857 Leo
871 2830 900 2857 ec
916 2825 1090 2866 Scorpius,
1109 2835 1187 2856 cum
1203 2825 1357 2856 chiasmo
1369 2836 1379 2863 ;
1400 2835 1480 2855 nam
1495 2824 1688 2866 praedatur

148 2878 300 2921 pecudes
319 2877 386 2917 leo,
404 2878 560 2919 scorpius
579 2877 748 2919 pestifero
769 2878 843 2909 ictu
864 2877 967 2918 petit,
983 2877 1087 2917 pestis
1108 2876 1307 2917 importuna
1321 2876 1520 2918 appellatus
1536 2887 1557 2907 a
1572 2876 1688 2908 Plinio
