1931 3202
237 119 291 157 78
831 117 892 159 M.
925 117 1176 159 MANILII

408 227 600 269 sortibus
621 229 787 270 exactis
809 229 995 284 triginta
1016 229 1157 270 sidere
1179 229 1224 270 in
1246 230 1375 271 omni.

466 316 543 343 nec
564 316 703 357 genus
724 305 790 344 est
811 317 960 351 unum,
981 303 1095 344 ratio
1116 317 1193 345 nec
1214 303 1389 359 prodita
1410 304 1607 360 simplex,

409 375 609 430 pluribus
630 376 762 430 inque
784 375 924 417 modis
945 391 1098 417 uerum
1121 380 1280 418 natura
1302 377 1463 419 locauit

408 448 672 505 diduxitque
694 450 789 491 uias
810 450 1039 505 noluitque
1061 465 1139 506 per
1159 452 1306 492 omnia
1327 452 1487 507 quaeri.

285 531 348 565 725
409 523 513 565 haee
535 537 707 579 quoque
728 527 951 580 comperta
973 527 1039 566 est
1060 525 1173 567 ratio
1194 525 1277 567 sub
1298 526 1473 568 nomine
1495 525 1655 567 eodem.

235 709 350 742 alieno
372 721 514 753 corpore
536 723 679 754 occupo,
703 723 763 745 eae
787 723 883 745 meae
907 713 1009 753 fiunt,
1035 715 1104 746 mei
1127 725 1196 745 non
1219 713 1309 746 fiunt
1330 718 1449 756 partes
1537 713 1599 746 721
1619 713 1774 752 sortibus,

237 765 277 793 ut
307 761 370 796 743
401 768 515 803 sortes,
549 764 665 796 minus
695 765 836 806 proprie
866 764 999 797 dicitur
1030 775 1093 807 pro
1123 765 1284 807 partibus
1315 766 1406 807 signi
1437 766 1647 797 tricensimis

278 813 428 846 722-737
455 815 617 855 alterum,
647 815 740 857 quod
768 816 916 848 Manilio
943 817 1057 848 uisum
1085 821 1150 855 est,
1181 817 1542 849 dodecatemoriorum
1568 827 1698 859 genus:
1723 821 1778 848 est

235 867 363 903 autem,
395 869 436 898 ut
463 866 508 898 ad
535 878 593 899 uu.
624 868 689 901 725
716 870 752 899 et
779 868 844 902 732
871 867 1066 907 ostendam,
1100 868 1235 900 nullum
1333 868 1396 900 723
1419 872 1527 907 inque
1557 871 1671 901 modis
1701 867 1772 906 (ΗΡ,

235 918 400 948 immodis
418 920 452 956 L,
473 920 613 950 innodis
634 921 679 950 Μ.
728 929 799 950 non
820 922 943 960 aptum
966 924 1058 951 essct
1080 920 1116 951 in
1137 920 1236 951 nodie
1322 930 1448 952 uerum
1469 919 1633 962 Scaliger,
1657 928 1778 952 retum

234 966 328 1006 libri,
361 968 455 1010 quod
489 969 586 1001 nulla
618 969 741 1002 addita.
767 970 1001 1012 explicatione
1032 971 1199 1010 retinent,
1229 972 1289 1013 qui
1320 972 1406 1003 talia
1433 971 1559 1009 solent,
1589 971 1777 1003 Stoeberus

235 1017 383 1051 Iacobus
409 1019 602 1053 Beehertus
631 1021 821 1053 Breiterus.
882 1031 922 1053 Ν
948 1023 1012 1054 303
1039 1033 1089 1065 sq.
1115 1024 1163 1055 sic
1190 1023 1269 1054 alcis
1298 1027 1427 1055 natura
1457 1028 1570 1055 manet
1597 1027 1779 1063 con-saepta

235 1070 378 1102 tenebris·
399 1077 404 1113 Ι
423 1076 452 1104 et
482 1083 603 1105 uerum
634 1073 668 1104 in
699 1083 796 1105 caeco
827 1078 872 1105 est
902 1074 1076 1115 multaque
1107 1074 1286 1115 ambassine
1319 1084 1435 1106 rerum
1544 1074 1609 1105 724
1638 1076 1778 1106 diduxit

237 1120 401 1164 Scaliger,
431 1126 578 1156 deduxit
605 1124 696 1156 libri.
746 1135 815 1156 non
843 1125 964 1166 longas
991 1125 1108 1157 effecit
1135 1126 1212 1157 uias
1239 1125 1299 1157 sed
1327 1126 1443 1157 uarias
1531 1125 1680 1156 725-737
1712 1125 1776 1157 hoc

236 1172 312 1204 loeo
340 1174 426 1216 quid
453 1175 569 1207 dicere
596 1175 760 1207 debuerit
786 1180 891 1218 poeta
919 1187 958 1208 ac
984 1177 1236 1218 propemodum
1265 1177 1429 1215 uoluerit,
1458 1181 1538 1219 post
1565 1177 1777 1209 miserrimos

236 1224 404 1267 Scaligeri
435 1230 471 1258 et
503 1227 629 1259 Huetii
661 1227 801 1269 (quibus
831 1227 950 1260 fraudi
980 1228 1096 1260 fuerat
1126 1229 1289 1261 sententia
1320 1239 1352 1260 u.
1384 1230 1444 1263 731
1475 1228 1563 1261 salso
1593 1228 1778 1270 scriptum)

235 1286 380 1316 errores,
405 1278 537 1320 optime
562 1280 741 1321 perspexit
764 1279 946 1311 Bentleius
969 1284 1161 1321 praeeunte
1184 1280 1352 1313 Salmasio
1380 1280 1423 1312 de
1450 1291 1505 1312 an.
1528 1280 1620 1312 clim.
1643 1290 1675 1322 p.
1699 1280 1775 1317 542,

235 1327 341 1370 idque
358 1331 398 1361 ut
414 1340 535 1371 reapse
552 1330 729 1362 diceretur
747 1341 858 1372 paene
877 1331 993 1363 effecit
1013 1331 1162 1363 delendo
1184 1343 1241 1364 uu.
1262 1332 1435 1370 732-”343
1459 1331 1586 1374 quibus
1606 1331 1778 1373 exemptis

237 1382 348 1411 restat
369 1381 405 1412 in
426 1392 484 1413 uu.
506 1382 631 1416 726-31
655 1385 692 1414 et
710 1383 817 1417 735-7
844 1393 987 1424 prorsus
1015 1387 1109 1415 recte
1132 1383 1293 1425 exposita-
1319 1394 1359 1415 ea
1386 1383 1660 1415 dodecatemorii
1683 1383 1776 1415 inue-

236 1430 355 1463 niendi
371 1433 429 1464 uia
441 1443 510 1475 qua
525 1433 743 1466 Dorotheum
756 1433 939 1467 Sidonium
955 1437 992 1466 et
1009 1435 1204 1476 Aegyptios
1218 1446 1297 1467 usos
1311 1446 1384 1467 esse
1397 1435 1602 1477 accepimus.
1652 1445 1774 1466 comm.

236 1481 327 1514 Ptol.
349 1486 430 1516 tetr.
451 1495 509 1526 pp.
529 1486 571 1520 47
593 1496 643 1527 sq.
668 1487 751 1524 ἦσαν
771 1487 806 1517 δὲ
825 1485 900 1527 παρ’
919 1487 1031 1518 αὐτοῖσ
1054 1488 1137 1526 (τοῖσ
1153 1487 1360 1527 Αἰγυπτίοισ)
1382 1489 1423 1518 τὰ
1443 1488 1500 1524 μὲν
1521 1485 1778 1526 δωδεκατημόρια

236 1536 381 1566 τοιαῦτα·
420 1537 558 1576 ἑκάστην
575 1538 686 1578 μοῖραν
702 1539 740 1576 ἣν
758 1539 888 1577 ἐπεῖχεν
905 1538 920 1568 ὸ
936 1536 1041 1578 α’στὴρ
1058 1540 1340 1576 ἐπολυπλασίαζον
1357 1540 1410 1570 ἐπὶ
1430 1540 1485 1570 τὸν
1502 1538 1547 1578 ιβ’
1562 1537 1705 1578 ἀριθμὸν,
1725 1539 1778 1569 καὶ

236 1586 361 1626 ἑκάστῳ
385 1589 483 1627 ζῳδὶῳ
506 1590 662 1629 παρεῖχον
685 1590 801 1629 μοίρασ-
825 1589 867 1627 λ’,
894 1591 946 1620 καὶ
969 1591 1049 1621 ὅπου
1069 1589 1095 1621 δ’
1117 1591 1154 1621 ἂν
1176 1592 1362 1628 κατέληξεν,
1384 1591 1486 1621 ἐκεῖνο
1509 1592 1622 1629 ἔλεγον
1641 1591 1719 1620 εἶναι
1741 1591 1778 1621 τὸ

238 1638 520 1679 δωδεκατημόριον.
570 1642 651 1672 οὕτω
668 1641 720 1671 καὶ
740 1642 754 1672 ὸ
775 1640 943 1681 Δωρόθεοσ
964 1642 1057 1673 ποιεῖ.
1107 1643 1206 1673 αὕτὸσ
1228 1643 1262 1673 δὲ
1284 1642 1314 1680 (ὁ
1334 1643 1555 1679 Πτολεμαΐοσ)
1575 1643 1630 1672 οὐκ
1650 1642 1701 1672 ἐπὶ
1722 1643 1777 1672 τὸν

235 1689 280 1729 ιβ’
299 1691 392 1729 ποιεῖ,
421 1690 507 1722 ἀλλά
527 1697 625 1730 φησιν
647 1693 694 1723 ὅτι
720 1693 844 1732 ἑκάστῳ
869 1694 969 1732 ζῳδίῳ
994 1693 1110 1733 μοίρασ
1137 1694 1277 1734 παρέσχε
1302 1693 1333 1733 β’
1361 1695 1470 1732 ἥμισυ,
1500 1695 1554 1724 καὶ
1577 1694 1658 1724 ὅπου
1685 1693 1713 1724 δ’
1739 1695 1777 1724 ἂν

237 1743 421 1780 κατέληξεν,
441 1745 541 1774 ἐκεῖνο
558 1745 651 1784 ἔλεγε
670 1744 707 1774 τὸ
729 1742 1001 1785 δωδεκατημόριον
1022 1746 1100 1776 εἶναι
1123 1746 1226 1786 (quae
1246 1745 1337 1776 ratio
1358 1744 1453 1786 apud
1475 1744 1662 1776 Manilium
1682 1744 1779 1785 prior

238 1796 304 1831 est,
327 1803 383 1825 uu.
401 1793 553 1834 713-21).
603 1796 702 1826 ταύτὸ
718 1796 752 1826 δέ
769 1800 848 1835 φησι
867 1794 913 1835 τῷ
931 1797 1092 1836 Δωροθέῳ.
1143 1796 1265 1827 eadem
1284 1796 1382 1828 falsis
1401 1795 1570 1827 admixtis
1586 1795 1779 1827 traduntur

238 1843 354 1886 Heph.
371 1844 479 1877 Theb.
498 1854 510 1877 1
534 1847 583 1884 18,
608 1845 786 1878 C.C.A.G.
804 1856 817 1878 1
833 1857 866 1889 p.
886 1848 948 1878 154
968 1849 1023 1886 (ex
1045 1847 1215 1879 Antiochi
1236 1847 1439 1886 thesauris),
1465 1847 1570 1879 Firm.
1589 1856 1618 1878 ΙΙ
1642 1847 1681 1878 13
1700 1847 1773 1879 ‘2-3.

236 1896 401 1937 quoniam
425 1899 540 1929 autem
565 1908 609 1929 ne
630 1898 822 1939 Pingraeus
845 1898 987 1940 quidem
1011 1898 1080 1930 uol.
1105 1908 1133 1930 11
1156 1909 1213 1941 pp.
1237 1900 1302 1931 310
1324 1910 1374 1941 sq.
1398 1899 1536 1930 Bentlei
1560 1903 1713 1930 mentem
1737 1909 1779 1930 ex

237 1948 332 1979 omni
367 1952 469 1989 parte
503 1949 691 1981 adsecutus
725 1953 790 1989 est,
824 1950 984 1992 exemplo
1015 1961 1088 1982 rem
1123 1950 1318 1982 declarabo.
1369 1950 1423 1982 fac
1457 1950 1591 1982 Lunam
1629 1949 1779 1982 aliamue

237 1999 376 2031 stellam
407 2000 443 2031 in
474 2011 565 2032 nono
596 2000 708 2042 gradu
739 2001 875 2034 Arietis
909 2002 1120 2034 constitisse.
1170 2002 1259 2034 scire
1293 2001 1452 2044 cupimus
1486 2002 1522 2033 in
1556 2002 1654 2034 cuius
1688 2002 1779 2043 signi

237 2050 518 2083 dodecatemorio
535 2053 747 2085 constiterit.
797 2053 833 2084 id
850 2053 1052 2085 inueniendi
1073 2053 1203 2096 duplex
1225 2054 1283 2085 uia
1302 2057 1366 2092 est,
1386 2054 1498 2085 altera
1517 2064 1559 2085 ex
1578 2063 1637 2085 uu.
1651 2054 1777 2088 713-21

236 2102 444 2144 colligenda,
458 2103 571 2135 altera
583 2104 678 2136 haec.
727 2106 747 2137 9
760 2115 780 2135 ><
795 2106 871 2136 12:
882 2106 943 2137 108
957 2117 964 2137 ε
987 2105 1032 2136 da
1044 2114 1122 2136 xxx
1135 2105 1262 2144 Arieti,
1277 2114 1356 2137 xxx
1368 2105 1495 2143 Tauro,
1510 2113 1588 2136 xxx
1601 2104 1757 2137 Geminis
1771 2118 1778 2137 ε

237 2158 427 2196 supersunt
442 2163 550 2194 xvnI,
570 2159 612 2187 ut
630 2167 796 2188 numerus
816 2157 852 2188 in
875 2156 1009 2189 Cancro
1030 2156 1214 2188 destituat.
1264 2167 1346 2198 ergo
1367 2167 1479 2188 nonus
1497 2156 1626 2198 gradus
1646 2157 1779 2188 Arietis

237 2208 290 2237 est
307 2206 342 2237 in
359 2205 639 2239 dodecatemorio
652 2207 789 2240 Cancri.
838 2208 906 2240 iam
921 2208 1005 2240 haec
1021 2208 1065 2240 ad
1079 2219 1201 2240 uersus
1214 2209 1339 2243 713-21
1355 2209 1545 2250 exigamus.
1595 2208 1728 2240 Arietis
1744 2208 1779 2239 in

238 2267 300 2288 suo
326 2257 424 2299 signo
447 2257 768 2291 dodecatemorium
793 2260 952 2291 continet
972 2259 1102 2301 gradus
1127 2269 1156 2292 11
1179 2271 1258 2292 cum
1281 2259 1439 2298 dimidio,
1465 2259 1571 2291 Tauri
1596 2258 1778 2291 dodecate-

238 2309 386 2340 morium
416 2309 589 2342 totidem:
628 2309 719 2343 fiunt
749 2320 783 2342 v.
832 2311 1060 2343 Geminorum
1092 2311 1264 2343 totidem:
1300 2310 1391 2343 fiunt
1421 2320 1477 2342 vn
1508 2321 1585 2343 cum
1618 2310 1774 2343 dimidio.

239 2359 364 2393 Cancri
381 2360 531 2393 totidem
546 2374 553 2393 τ
581 2361 672 2393 fiunt
688 2371 723 2394 x.
773 2372 854 2403 ergo
871 2373 983 2394 nonus
999 2363 1129 2405 gradus
1148 2364 1277 2394 iterum
1299 2363 1335 2394 in
1356 2362 1638 2394 dodecatemorio
1654 2361 1781 2395 Cancri

239 2412 424 2453 reperitur.
473 2412 559 2445 haec
592 2413 702 2455 igitur
736 2413 918 2446 Bentleius
953 2414 1102 2446 Manilio
1133 2414 1282 2446 dicenda
1312 2414 1419 2446 fuisse
1449 2413 1628 2445 intellexit
1657 2418 1705 2452 et,
1738 2418 1780 2445 ut

238 2462 451 2503 dicerentur,
477 2467 619 2496 tantum
642 2476 712 2496 non
736 2465 853 2497 effecit
876 2465 997 2497 eiectis
1024 2476 1082 2498 uu.
1107 2466 1237 2504 73‘2—43
1261 2465 1322 2497 sed
1349 2468 1548 2507 repugnant
1576 2476 1633 2497 uu.
1657 2465 1776 2502 722-5,

238 2514 274 2546 in
300 2515 428 2556 quibus
455 2526 525 2547 non
552 2516 665 2548 altera
691 2516 967 2549 dodecatemorii
998 2517 1201 2549 inueniendi
1232 2517 1292 2549 uia
1324 2516 1385 2549 sed
1415 2517 1565 2548 alterum
1595 2516 1778 2548 dodecate-

239 2566 428 2598 moriorum
455 2577 564 2609 genus
591 2578 631 2599 ac
658 2568 750 2600 ratio
777 2568 1022 2610 promittitur3
1056 2569 1148 2600 ratio
1173 2574 1290 2600 autem
1319 2568 1384 2600 hoc
1410 2568 1486 2600 loco
1512 2579 1532 2599 a
1559 2578 1684 2610 genere
1711 2578 1780 2599 non

239 2617 416 2650 diuersum
441 2629 514 2650 esse
531 2619 724 2651 ostendunt
740 2620 803 2654 738
819 2630 910 2661 sqq„
929 2619 990 2652 ubi
1006 2630 1046 2651 eo
1062 2620 1201 2652 nomine
1217 2630 1347 2652 nouum
1364 2619 1583 2662 significatur
1598 2619 1779 2651 dodecate-

239 2669 400 2708 morium,
425 2680 494 2701 non
518 2681 630 2702 nouus
651 2674 734 2702 ante
757 2671 944 2712 significati
968 2671 1172 2703 inueniendi
1195 2671 1329 2703 modus.
1378 2672 1498 2713 itaque
1521 2671 1594 2713 ipse
1618 2671 1654 2702 in
1677 2670 1780 2712 culpa

238 2720 420 2762 ponendus
446 2724 500 2753 est
526 2726 642 2763 poeta,
672 2723 733 2764 qui
760 2723 854 2754 uiam
881 2722 926 2754 ad
954 2722 1274 2755 dodecatemorium
1302 2722 1531 2764 perueniendi
1557 2733 1578 2754 a
1602 2722 1780 2754 Dorotheo

239 2776 471 2804 monstratam
494 2773 580 2804 adeo
604 2784 673 2805 non
697 2774 792 2815 cepit
815 2776 856 2806 ut
878 2784 954 2805 eam
976 2785 1053 2806 cum
1076 2785 1113 2806 re
1134 2774 1236 2816 longe
1260 2773 1412 2813 diuersa,
1438 2774 1481 2806 de
1503 2784 1571 2816 qua
1594 2773 1639 2806 ad
1663 2784 1695 2805 u.
1717 2773 1780 2808 732

240 2834 422 2864 exponam,
451 2824 682 2856 confunderet
712 2829 749 2856 et
775 2825 811 2856 in
842 2825 995 2857 confusis
1021 2829 1156 2857 certum
1183 2825 1544 2858 dodecatemoriorum
1574 2835 1684 2867 genus
1713 2824 1780 2856 sibi

240 2874 422 2907 uideretur
437 2885 621 2918 agnoscere
638 2875 731 2918 quod
748 2887 825 2908 cum
842 2876 978 2908 duobus
993 2876 1071 2909 aliis
1088 2887 1144 2909 uu.
1162 2877 1288 2911 713-21
1307 2880 1343 2909 et
1358 2877 1486 2912 738-48
1503 2875 1781 2909 commemoratis
