1931 3202
678 125 1164 170 ASTR-ONOMICON
1205 125 1254 166 II
1681 126 1731 164 51

370 240 552 296 Virgine
574 254 696 281 mens
717 239 891 295 capitur
912 237 1029 280 uisa.
1099 238 1160 280 sic
1181 240 1365 279 nexerat
1387 240 1489 278 ante

244 323 310 356 490
369 315 590 370 Europam
612 314 740 355 dorso
761 313 1025 355 retinentem
1047 326 1210 355 cornua
1228 312 1356 353 laeua

370 388 640 444 indutusque
661 388 769 430 Ioui.
832 387 1116 429 Geminorum
1138 386 1315 428 ducitur
1337 385 1455 426 auris

197 576 306 612 atque
328 573 420 606 libri,
472 573 593 605 ‘audit
617 573 734 605 Pisces
758 583 852 611 sane,
879 572 978 604 uidet
1002 572 1198 614 Virginem.
1247 582 1329 603 nam
1354 581 1424 602 non
1451 572 1569 611 potest
1593 568 1741 600 eundem

196 625 320 657 audire
340 628 377 657 et
398 624 529 657 uidere.
576 624 736 666 profecto
756 624 936 656 nesciebat
952 624 1134 662 Manilius,
1153 622 1238 665 quid
1260 621 1448 660 scribebat,
1471 625 1508 652 et
1528 620 1647 663 potius
1669 620 1741 661 ipse

196 687 310 718 neque
332 676 501 708 audiebat
521 687 634 718 neque
655 675 801 707 uidebat
823 676 878 707 se'
901 675 1066 717 Scaliger,
1088 675 1181 706 sicut
1201 677 1360 706 sescenta
1382 673 1451 705 alia
1473 675 1597 714 poetae
1620 681 1741 712 expro-

197 727 318 760 brauit
338 739 486 770 quorum
506 727 646 770 culpam
668 727 830 759 meliores
850 727 986 759 codices
1005 730 1128 771 postea
1148 726 1278 767 prolati
1298 726 1334 757 in
1354 724 1515 756 librarios
1534 722 1742 756 transtuler-

198 783 274 811 unt.
321 779 531 821 prudentius
546 779 657 822 igitur
678 779 834 811 Huetius
859 783 866 796 ‘
879 779 1015 810 Taurus
1036 778 1139 810 audit
1155 778 1284 815 Pisces,
1303 776 1487 818 Virginem
1504 775 1626 812 uidet;
1651 773 1743 815 quod

198 831 376 873 ignorasse
399 831 589 862 Manilium
605 830 663 862 uel
686 841 756 862 non
772 830 1064 862 animaduertisse
1087 829 1359 871 haudquaquam
1381 838 1464 860 sane
1488 825 1654 859 credibile
1678 829 1741 856 est.

198 882 314 914 locum
336 883 455 923 potius
479 883 647 914 uitiatum
672 882 877 914 censuerim.
926 881 1012 923 quid
1040 880 1069 912 si
1092 881 1248 922 legamus
1275 885 1304 911 ec
1331 879 1425 911 ultra
1443 878 1612 919 fulgens
1639 877 1746 908 haud

198 933 292 965 uidet
309 938 370 965 ast
386 934 486 965 audit
501 945 564 975 per
578 933 696 965 sidera
711 933 851 965 Pisces?
864 933 871 947 ²
911 936 949 964 at
964 932 1147 964 Bentleius
1174 934 1271 963 ‘sane
1284 931 1420 963 Taurus
1434 930 1534 961 uidet
1545 929 1744 970 Virginenu

198 988 319 1017 noster
334 995 419 1017 uero
435 985 492 1017 hic
515 985 642 1017 maluit
658 996 694 1016 se
718 988 858 1027 poetam
876 984 984 1026 magis
1001 994 1106 1026 quam
1122 983 1338 1024 astrologum
1360 981 1556 1020 ostendere,
1576 985 1612 1012 et
1635 981 1746 1011 sciens

201 1036 358 1078 prudens
387 1037 528 1068 schema
559 1036 726 1075 deseruit,
754 1039 795 1068 ut
835 1036 1010 1077 Europam
1041 1039 1077 1067 et
1108 1035 1229 1067 Iouem
1259 1033 1465 1065 induceret.'
1517 1033 1613 1064 itane
1642 1033 1749 1062 uero?

201 1088 379 1130 Europam
407 1091 444 1120 et
471 1088 592 1120 Iouem
619 1088 681 1130 qui
712 1087 878 1119 inducere
905 1087 1023 1125 uellet,
1052 1087 1084 1118 ei
1107 1086 1214 1118 Tauri
1236 1086 1335 1117 uisus
1361 1095 1431 1116 una
1454 1095 1532 1116 cum
1556 1083 1681 1115 auditu
1705 1081 1750 1113 ad

201 1139 321 1172 Pisces
344 1139 557 1181 derigendus
582 1143 671 1178 erat,
690 1138 905 1171 auertendus
929 1142 1047 1170 autem
1072 1149 1092 1170 a
1117 1137 1286 1179 Virgine?
1332 1136 1481 1176 ,Geminos
1504 1146 1583 1167 cum
1605 1136 1750 1176 propter

200 1191 412 1233 praecedens
430 1191 550 1232 venai-s
565 1191 732 1223 omissum
749 1192 803 1230 (ut
820 1200 860 1222 IV
876 1191 939 1224 573
957 1190 1094 1222 animus
1110 1190 1146 1221 in
1163 1192 1212 1221 GL
1226 1191 1307 1231 post
1318 1187 1460 1229 primis)
1483 1190 1520 1219 et
1543 1187 1579 1218 in
1595 1186 1750 1227 margine

202 1242 421 1284 adscriptum
437 1246 540 1281 esset,
557 1253 672 1274 errore
688 1243 725 1274 in
742 1253 880 1274 uersum
898 1243 972 1279 498,
990 1242 1089 1273 cuius
1101 1251 1264 1272 numeros
1277 1241 1538 1280 orationemque
1550 1236 1747 1280 perturbat,

204 1294 355 1326 inlatum
375 1305 449 1326 esse
472 1294 626 1326 conicio:
651 1293 778 1335 qemiwzi
793 1293 908 1325 Pisces
924 1302 963 1324 lv
980 1294 1055 1332 ⁶273,
1075 1294 1150 1330 358,
1169 1293 1244 1330 385,
1264 1292 1337 1330 490,
1358 1291 1421 1323 583
1438 1290 1624 1327 habentur,
1643 1297 1673 1319 11
1691 1288 1753 1320 162

203 1346 288 1378 duos
298 1356 365 1386 per
379 1346 496 1378 sidera
513 1346 636 1378 Pisces.
686 1348 842 1377 ceterum
859 1345 889 1376 ei
906 1344 1000 1386 quod
1021 1348 1074 1376 est
1092 1344 1184 1375 uidet
1201 1343 1336 1385 aliquid
1353 1341 1520 1384 praesidii
1537 1339 1752 1381 exfzdyentis

201 1398 391 1439 participio
406 1397 481 1439 peti
494 1408 595 1439 posse
608 1408 677 1428 non
688 1407 794 1439 nego:
821 1396 908 1428 illud
922 1406 1085 1438 pernegO,
1101 1395 1290 1426 Manilium
1303 1394 1369 1425 hac
1383 1396 1485 1425 tanta
1497 1392 1699 1424 confusione
1716 1401 1751 1422 se

202 1449 400 1491 implicasse
423 1448 505 1480 inde
529 1449 696 1480 credibile
719 1448 807 1487 fieri,
831 1447 924 1489 quod
950 1456 991 1479 IV
1014 1448 1077 1479 359
1102 1457 1151 1488 sq.
1174 1445 1323 1488 procliui
1347 1455 1463 1477 errore
1487 1444 1616 1486 quique
1640 1442 1752 1474 cuiuis

203 1500 319 1532 minus
345 1500 548 1532 attendenti
575 1500 732 1531 accidere
762 1499 921 1541 potuerit
948 1499 1107 1530 Arietem
1134 1501 1169 1529 et
1197 1498 1352 1529 Taurum
1382 1507 1445 1538 pro
1476 1495 1687 1536 Capricorno
1717 1496 1753 1524 et

203 1552 361 1594 Aquario
398 1551 591 1583 nominarit
693 1550 758 1581 489
788 1553 868 1582 uisa
901 1553 951 1582 sic
966 1551 998 1588 ἦ,
1035 1552 1086 1581 sic
1121 1552 1299 1587 quondam
1329 1548 1420 1580 libri.
1484 1546 1585 1578 uidet
1619 1545 1753 1577 Taurus

204 1603 389 1645 Virginem
406 1603 499 1635 sieut
515 1614 549 1635 u.
569 1603 632 1635 499
648 1602 761 1644 Virgo
781 1602 959 1640 Taurum3
982 1612 1052 1633 non
1075 1604 1181 1639 amat,
1202 1599 1296 1642 quod
1319 1599 1553 1631 masculorum
1576 1597 1754 1638 signorum

203 1655 386 1696 proprium
399 1658 465 1692 est,
479 1654 610 1686 nedum
624 1654 801 1685 feminam.
845 1654 1033 1685 haeserunt
1049 1653 1262 1694 interpretes
1278 1652 1315 1683 in
1330 1651 1380 1682 rei
1393 1661 1508 1682 errore
1521 1652 1556 1681 et
1568 1648 1755 1680 schematis

205 1706 455 1738 derelictione:
481 1706 624 1737 haerere
648 1705 826 1737 debebant
850 1705 958 1736 etiam
982 1705 1017 1736 in
1041 1704 1107 1735 hac
1130 1703 1349 1735 abundantia
1375 1701 1557 1739 orationis,
1583 1699 1755 1741 quondam

205 1762 294 1797 ante,
314 1768 403 1799 quae
420 1757 490 1789 duo
506 1757 677 1789 aduerbia
693 1757 785 1788 idem
804 1757 937 1788 ualent.
984 1755 1072 1787 talia
1088 1755 1238 1787 Plautus
1255 1759 1291 1786 et
1306 1754 1493 1785 Terentius
1513 1752 1753 1794 frequentant,

204 1809 289 1841 trin.
307 1810 388 1840 1141
412 1819 518 1850 neque
541 1819 617 1840 eum
633 1813 710 1840 ante
727 1819 872 1849 usquam
888 1807 1047 1848 con-<pexi
1066 1807 1178 1848 prius,
1198 1817 1276 1838 eun.
1292 1807 1356 1838 ‘246
1379 1805 1459 1837 olim
1480 1803 1624 1844 istism'c
1644 1803 1756 1843 {leucri

205 1861 380 1902 quondam
406 1865 575 1901 quaestus,
605 1860 807 1901 Augusteae
835 1859 964 1890 aetatis
992 1864 1133 1900 poetam
1160 1869 1231 1889 non
1259 1857 1395 1895 decent,
1428 1866 1540 1897 neque
1568 1855 1660 1886 enim
1687 1853 1754 1884 huc

206 1912 362 1953 pertinet
369 1912 473 1953 prius
485 1916 669 1952 antequam
683 1912 848 1952 (πρότερον
863 1912 949 1950 πρίν)
963 1910 1058 1951 apud
1072 1909 1267 1950 Vergilium
1280 1908 1571 1950 Propertiumque
1587 1905 1752 1948 positum.

206 1964 373 1995 nimirum
397 1974 476 1995 cum
499 1963 590 1995 ἰη’-δα
612 1964 706 1994 inter
722 1974 765 1994 ur
781 1962 879 1994 etsie
903 1962 1092 1993 excidisset
1115 1961 1160 1992 ad
1185 1971 1324 1992 uersum
1348 1958 1559 2000 explendum
1583 1956 1756 1998 quondam

207 2015 265 2046 uel
281 2026 325 2046 ex
341 2023 381 2046 1V
397 2016 458 2047 831
477 2015 523 2046 sic
545 2015 720 2056 quondam
742 2018 904 2045 merserat
929 2013 1041 2044 orbem
1064 2012 1122 2044 uel
1146 2023 1187 2043 ex
1211 2020 1225 2043 1
1249 2012 1312 2044 325
1336 2022 1405 2052 qua
1428 2010 1602 2051 quondam
1624 2012 1756 2048 ceperat

211 2066 366 2107 Orpheus
389 2066 566 2098 adscitum
589 2068 653 2098 est.
702 2065 811 2097 uerba
837 2064 974 2105 l'irgyiue
998 2075 1089 2096 mens
1113 2063 1251 2104 capitur
1272 2063 1360 2101 uisa,
1380 2063 1473 2093 sicut
1493 2061 1554 2092 501
1576 2070 1626 2102 sq.
1647 2059 1756 2090 Libra

209 2117 359 2149 uidendo
375 2117 589 2158 Lanigerum
609 2117 784 2157 complexa
808 2121 865 2155 est,
884 2115 1030 2147 uidendi
1053 2116 1228 2147 actionem
1251 2113 1450 2155 significant
1472 2123 1535 2154 per
1555 2111 1754 2147 circuitum,

209 2179 323 2211 neque
339 2169 394 2200 his
410 2169 521 2211 magis
537 2179 642 2210 quam
666 2169 737 2200 illis
761 2168 956 2199 necessario
978 2168 1070 2198 inest
1091 2167 1218 2198 amoris
1237 2166 1346 2197 notio.
1396 2164 1536 2196 subesse
1552 2173 1627 2194 eam
1644 2161 1758 2193 uideri

210 2231 281 2252 non
303 2221 518 2262 negauerim,
537 2221 574 2252 in
597 2231 666 2262 quo
690 2223 815 2262 poetae
835 2219 1018 2250 consilium
1041 2228 1190 2260 agnosco
1212 2217 1290 2249 Ioui
1309 2217 1538 2257 Europaeque
1561 2213 1699 2246 aditum
1720 2213 1756 2244 in

210 2282 350 2304 carmen
370 2272 630 2313 patefacientis.
680 2282 892 2313 quamquam
915 2271 1021 2302 etiam
1038 2281 1072 2301 u.
1092 2270 1155 2302 508
1177 2269 1428 2310 Capricornum
1452 2277 1526 2298 sese
1546 2276 1616 2297 non
1636 2264 1757 2296 uidere

211 2326 354 2355 tantum
366 2323 427 2355 sed
437 2324 558 2355 mirari
570 2322 791 2365 significatur
878 2322 935 2360 sic,
951 2324 1067 2353 mente
1079 2331 1143 2362 per
1154 2320 1272 2352 oculos
1285 2323 1388 2361 capta
1474 2317 1540 2348 490
1561 2321 1642 2348 utra
1652 2326 1758 2347 manu

212 2375 354 2416 Europa
370 2375 466 2407 Iouis
482 2385 589 2406 cornu
606 2374 761 2406 tenuerit
778 2374 942 2412 reticent,
961 2372 1089 2414 quibus
1105 2372 1148 2403 de
1164 2382 1299 2403 summa
1312 2371 1361 2402 rei
1377 2373 1528 2407 constat,
1546 2368 1712 2400 Moschus
1729 2376 1758 2398 11

214 2427 288 2465 126,
302 2426 451 2458 Nonnus
462 2426 564 2458 Dion.
579 2435 593 2457 1
606 2427 659 2464 68,
674 2425 810 2458 Statius
823 2424 932 2456 Theb.
944 2433 1015 2456 vin
1027 2425 1101 2462 229,
1116 2432 1156 2455 Lx·
1169 2424 1231 2455 335
1245 2433 1310 2464 sq.,
1324 2422 1432 2454 Silius
1442 2430 1509 2452 XIV
1521 2421 1596 2458 569,
1609 2418 1757 2451 Ouidius

212 2489 319 2510 amor.
339 2487 353 2509 1
369 2478 389 2510 3
405 2479 448 2509 24
462 2489 470 2516 ;
495 2477 550 2509 hic
568 2481 686 2509 tamen
706 2480 789 2509 met.
806 2486 836 2508 11
853 2478 916 2510 874
932 2478 968 2507 et
984 2475 1066 2507 fast.
1084 2484 1108 2506 V
1124 2475 1187 2508 607
1204 2474 1366 2505 dextram
1382 2473 1469 2504 dicit
1483 2484 1490 2503 ε
1516 2482 1594 2503 cum
1610 2470 1758 2502 Manilio

212 2529 348 2561 faciunt
361 2529 536 2561 Lucianus
549 2529 631 2561 dial.
648 2529 770 2560 marin.
786 2537 837 2559 xv
847 2529 868 2559 '2
878 2527 918 2568 τῇ
931 2527 1005 2566 λαιᾷ
1016 2528 1074 2565 μὲν
1087 2528 1193 2566 εἴχετο
1204 2527 1259 2557 τοῦ
1270 2526 1404 2565 κέρατοσ
1418 2527 1453 2555 et
1466 2522 1622 2555 Achilles
1635 2521 1758 2552 Tatius

213 2590 228 2612 1
247 2582 261 2612 1
280 2580 321 2621 τῇ
336 2579 414 2621 λαιᾷ
433 2583 490 2612 τοῦ
512 2582 613 2621 κέρωο-
634 2581 783 2620 ἐχομένη,
803 2580 900 2617 item,
918 2578 979 2610 sed
997 2581 1142 2620 cogente
1163 2577 1373 2608 necessitate
1396 2575 1524 2616 aliqua,
1543 2574 1604 2615 qui
1620 2573 1758 2604 consuit

214 2635 399 2664 centonem
411 2631 653 2673 Vergilianum
670 2631 768 2663 anth.
789 2631 867 2662 Lat.
889 2630 981 2662 Ries.
1005 2631 1044 2661 14
1060 2630 1103 2661 29
1119 2629 1220 2660 laeua
1236 2633 1376 2659 taurum
1389 2637 1491 2658 cornu
1504 2630 1597 2657 tenet.
1647 2635 1758 2666 neque

215 2684 326 2725 magis
341 2684 435 2715 inter
447 2683 599 2725 pictores
615 2683 782 2714 conuenit
868 2681 932 2712 491
956 2682 992 2712 in
1008 2681 1063 2712 his
1080 2683 1218 2712 vexerat
1230 2679 1410 2719 Europam
1425 2687 1553 2709 cornua
1565 2677 1760 2708 retinentem

215 2734 419 2775 indutusque
441 2734 522 2766 Ioui
548 2734 749 2766 coniunctio
773 2744 816 2765 ex
840 2732 1036 2764 abundanti
1060 2731 1182 2763 addita
1205 2741 1246 2762 ea
1268 2730 1410 2772 copulat
1434 2739 1522 2770 quae
1546 2738 1625 2759 cum
1647 2737 1758 2769 gram-

217 2786 345 2818 matica
368 2786 480 2817 forma
503 2786 604 2827 paria
626 2796 696 2817 non
720 2785 792 2816 sint
815 2784 1038 2825 copulatione
1059 2794 1129 2814 non
1149 2782 1322 2824 indigent,
1349 2785 1389 2813 ut
1410 2781 1515 2821 Verg.
1540 2780 1626 2810 Aen.
1649 2787 1674 2809 x
1696 2778 1760 2812 734

216 2838 335 2871 obuius
361 2837 572 2878 aduersoque
599 2836 756 2873 occurrit,
785 2845 825 2867 VI
853 2836 917 2867 640
943 2846 993 2877 sq.
1024 2834 1157 2874 largior
1187 2834 1239 2865 hic
1271 2843 1408 2873 campos
1434 2832 1548 2863 aether
1575 2835 1603 2862 et
1633 2829 1759 2861 Imniue

216 2889 315 2922 uestit
334 2889 340 2931 Ι
356 2899 547 2930 purpureo,
567 2888 649 2920 Sall.
671 2888 746 2930 Iug.
767 2890 787 2920 5
807 2889 829 2918 4
849 2887 944 2919 cuin-s
966 2887 1003 2918 in
1026 2886 1155 2927 Africa
1182 2895 1343 2925 maynum
1367 2889 1466 2925 atque
1489 2883 1555 2914 late
1580 2881 1760 2922 imperinm
