1931 3202
595 111 1081 154 ASTRONOMICON
1122 111 1171 153 II
1602 115 1652 154 19

287 222 402 270 bina,
424 224 476 263 ut
497 221 724 276 Lanigero,
748 220 895 263 Chelis
918 220 1172 275 Cancroque
1195 220 1436 277 Caproque,

165 307 227 339 180
286 297 403 353 quod
424 297 612 353 duplicis
632 297 828 338 retinent
850 310 1016 338 conexo
1036 298 1233 352 tempore
1255 297 1382 339 uires.

288 374 349 420 ut,
372 386 480 427 quos
501 371 786 426 subsequitur
807 370 975 413 Cancer
996 384 1074 426 per
1094 370 1238 413 sidera
1260 371 1434 421 fratres,

290 461 313 487 e
336 445 532 487 Geminis
553 445 666 487 alter
686 445 891 487 florentia
912 448 1113 503 tempora
1133 446 1251 487 ueris

290 519 463 570 sufficit,
483 522 696 561 aestatem
719 519 943 561 sitientem
964 520 1171 576 prouehit
1192 520 1328 570 alter3

290 594 436 635 nudus
457 597 642 649 uterque
663 596 824 643 tamen,
846 594 982 636 sentit
1003 595 1108 650 quia
1129 597 1313 650 uterque
1335 594 1534 643 calorem,

171 677 233 709 185
292 668 365 710 ille
387 668 653 710 senescentis
674 669 803 717 ueris,
825 668 1055 720 subeuntis
1075 672 1123 710 at
1144 669 1216 710 ille

293 742 498 784 aestatis:
529 757 610 798 par
630 746 697 784 est
718 742 886 798 primae
908 758 1001 784 sors
1022 743 1181 784 ultima
1202 743 1330 798 parti.

293 817 410 872 quin
432 817 566 858 etiam
587 816 900 872 Arquitenens,
921 817 997 872 qui
1018 820 1073 866 te,
1097 816 1372 872 Capricorne,
1395 818 1476 859 sub
1497 817 1591 874 ipso

294 891 528 947 promittit,
549 890 715 946 duplici
737 891 956 932 formatus
977 892 1170 947 imagine
1193 891 1358 933 fertur:

294 965 444 1007 mitior
464 968 706 1006 autumnus
727 965 870 1007 mollis
891 966 975 1007 sibi
997 966 1197 1007 uindicat
1218 969 1342 1007 artus

173 1049 235 1082 190
294 1040 612 1095 materiamque
633 1040 835 1089 hominis,
858 1039 952 1081 fera
974 1044 1099 1096 tergo
1120 1040 1317 1081 membra
1338 1040 1554 1096 rigentem

295 1115 523 1170 excipiunt
545 1115 732 1156 hiemem
756 1117 1018 1170 mutantque
1040 1115 1086 1155 in
1107 1117 1307 1170 tempora
1328 1115 1515 1170 signum.

121 1234 308 1274 tetragona
329 1233 465 1265 reditur
485 1244 543 1265 uu.
565 1234 694 1266 656-63
783 1233 846 1264 179
871 1232 999 1274 Capro,
1023 1232 1247 1274 Capricorno,
1266 1235 1307 1264 ut
1327 1241 1367 1264 IV
1383 1233 1446 1267 745
1465 1243 1507 1264 ex
1527 1232 1666 1264 Bentlei

121 1284 366 1316 emendatione
389 1285 602 1326 [feliciumque
628 1285 793 1325 Capram,
819 1284 917 1316 anth.
946 1284 1023 1316 Lat.
1052 1284 1146 1316 Ries.
1174 1285 1236 1318 617
1261 1285 1281 1316 5
1307 1284 1427 1324 Capri,
1453 1285 1517 1317 619
1540 1284 1666 1325 liquidi

120 1345 225 1376 caper
249 1336 419 1377 aequoris,
446 1337 509 1368 622
529 1336 647 1377 pelasji
671 1336 814 1376 capella,
839 1336 903 1368 623
926 1335 1086 1377 aequorei
1109 1335 1219 1376 capri,
1246 1336 1309 1367 626
1333 1335 1513 1376 Neptunia
1536 1346 1666 1377 capra3

121 1387 221 1419 cuius
252 1387 376 1419 sideris
406 1387 519 1419 forma
550 1387 747 1429 expressius
777 1387 976 1429 significata
1002 1390 1057 1419 est
1084 1396 1114 1419 11
1145 1388 1208 1419 659
1239 1397 1344 1427 caper
1374 1412 1381 1419 .
1403 1412 1410 1419 .
1432 1411 1439 1419 .
1474 1388 1666 1428 amitasque

123 1439 172 1470 ad
186 1439 330 1480 ιῗνίῃονα
351 1439 459 1480 piscis
549 1439 611 1469 180
637 1441 795 1471 retinent
820 1438 1133 1480 Regiomontanus‚
1162 1441 1296 1470 retinet
1322 1438 1405 1470 libri
1495 1439 1555 1469 181
1581 1447 1668 1477 quos

123 1489 437 1532 Regffimontanus,
464 1494 557 1529 quod
579 1490 662 1522 libri
752 1490 813 1521 182
837 1500 855 1522 e
880 1493 924 1528 M,
955 1493 991 1521 et
1017 1493 1076 1526 GL,
1102 1494 1142 1522 ut
1166 1499 1190 1521 V
1218 1491 1275 1521 131
1304 1495 1332 1522 ec
1355 1490 1466 1531 qelido
1488 1490 1581 1522 idem
1605 1501 1667 1532 pro

123 1541 262 1582 eyelido,
292 1553 333 1574 ex
359 1542 435 1574 cod.
462 1543 554 1574 Flor.
582 1547 618 1574 et
645 1542 799 1573 editores
827 1552 937 1584 usque
964 1541 1008 1573 ad
1032 1541 1244 1580 Bentleium,
1271 1542 1331 1583 qui
1355 1552 1434 1573 cum
1457 1545 1491 1573 M
1514 1542 1669 1574 nondum

124 1596 230 1625 notus
261 1596 353 1625 esset
380 1605 422 1626 ex
449 1605 519 1626 uno
547 1593 679 1625 recenti
708 1593 827 1625 codice
851 1593 887 1624 id
911 1593 1071 1625 restituit
1093 1592 1187 1634 quod
1211 1602 1251 1624 1v
1276 1594 1337 1625 152
1361 1604 1479 1624 omnes
1503 1593 1670 1625 exhibent

123 1655 139 1676 e
172 1645 332 1677 Geminis.
382 1656 445 1678 nec
476 1649 595 1677 tamen
631 1644 746 1676 defuit
783 1645 843 1686 qui
875 1644 919 1676 ad
950 1655 990 1676 ea:
1023 1647 1220 1676 recurreret
1319 1647 1415 1676 ueris
1450 1644 1515 1676 cod
1551 1644 1665 1682 Bod1.‚

124 1699 220 1728 uires
246 1700 306 1736 GL,
329 1696 598 1740 uirisluoluisse
620 1697 764 1728 uidetur
787 1700 831 1728 M.
882 1696 983 1728 Lucr.
1004 1705 1044 1727 VI
1069 1696 1133 1728 359
1161 1707 1237 1727 cum
1265 1700 1418 1736 tempora
1441 1706 1473 1728 se
1496 1696 1587 1728 ueris
1611 1697 1673 1735 (ris

124 1748 242 1788 codd.)
251 1748 417 1790 florentia
428 1749 589 1789 pandunt
680 1747 742 1778 184
761 1751 913 1779 calorem
925 1751 961 1786 G,
977 1751 1127 1779 colorem
1139 1750 1196 1779 LM
1286 1747 1347 1778 185
1364 1750 1459 1779 ueris
1473 1748 1668 1786 Dulcinius,

124 1802 220 1832 uires
236 1800 319 1832 libri
406 1804 446 1832 at
461 1800 628 1842 Scaliger,
648 1803 684 1831 et
700 1799 794 1838 libri,
813 1810 918 1841 quam
934 1799 1146 1841 particulam
1163 1799 1282 1830 Latini
1298 1799 1367 1831 ista
1384 1799 1587 1831 condicione
1604 1811 1671 1832 non

125 1851 313 1893 ponebant,
339 1851 400 1883 sed
421 1854 484 1883 aut
504 1857 542 1883 at
561 1854 623 1883 aut
642 1851 775 1882 nullam
867 1850 928 1881 186
952 1853 1105 1882 aestatis
1126 1854 1162 1889 G,
1186 1853 1318 1882 aetatis
1339 1854 1373 1888 L,
1397 1853 1530 1883 aeratis
1552 1854 1585 1882 M

169 1912 236 1942 par
251 1907 285 1935 M
301 1904 394 1935 sicut
410 1904 608 1935 coniecerat
624 1902 816 1941 Bentleius,
834 1911 919 1941 pars
936 1905 985 1934 GL
1073 1913 1136 1943 pro
1152 1901 1254 1942 parti
1270 1902 1451 1934 Bentleius
1466 1903 1561 1941 sorti,
1580 1903 1672 1944 quod

125 1955 213 1987 mihi
244 1956 359 1987 minus
389 1958 578 1987 uenustum
609 1954 753 1986 uidetur
852 1953 913 1985 187
945 1957 1031 1992 quin
1061 1956 1170 1985 etiam
1202 1953 1393 1992 Bentleius‚
1427 1960 1468 1985 ut
1501 1954 1672 1985 artificem

127 2006 258 2046 decuit,
277 2016 340 2038 nec
355 2010 428 2039 iam
444 2009 538 2045 GLM,
557 2016 621 2038 nec
637 2015 707 2038 non
722 2005 759 2037 L2
778 2010 813 2037 et
834 2016 898 2047 pro
920 2016 992 2037 uar.
1019 2016 1082 2036 scr.
1109 2008 1144 2043 G,
1170 2016 1259 2046 quae
1281 2005 1324 2036 ab
1346 2005 1510 2047 imperito
1532 2005 1671 2037 homine

125 2058 221 2090 facta
248 2059 449 2090 coniectura
476 2058 651 2099 imperitis
679 2057 879 2088 horninibus
904 2056 1020 2088 adhuc
1042 2056 1160 2098 placet
1247 2057 1307 2087 sub
1330 2056 1403 2096 ipso
1426 2057 1543 2098 Fayus
1567 2058 1671 2088 inter·

126 2113 291 2151 pretatur
309 2114 385 2150 post
403 2120 436 2141 se
460 2109 579 2141 adlato
601 2109 706 2149 Verg.
733 2109 820 2140 Aen.
849 2117 874 2139 v
892 2109 956 2140 323
980 2119 1030 2149 sq.
1054 2118 1118 2149 qno
1142 2107 1264 2139 deinde
1286 2107 1345 2139 sub
1368 2107 1442 2148 ipso
1464 2108 1467 2149 l
1488 2119 1556 2140 ecce
1579 2109 1672 2140 uolat

128 2162 316 2202 calcemque
343 2161 420 2193 terit
447 2160 520 2192 iam
544 2161 632 2193 calce
660 2161 795 2198 Diores,
825 2159 886 2191 ubi
918 2159 1061 2191 Seruius
1090 2164 1165 2200 post
1192 2159 1315 2200 ipsam,
1346 2159 1445 2191 iuxta
1469 2159 1605 2200 ipsuum
1636 2164 1672 2192 et

128 2213 250 2244 eadem
274 2213 412 2244 ratione
440 2212 542 2244 Aries
571 2223 602 2244 u.
632 2213 694 2244 192
726 2212 842 2243 Pisces
864 2221 954 2251 prae
982 2221 1014 2242 se
1041 2211 1184 2242 mittere
1209 2210 1350 2242 dicitur.
1399 2214 1522 2242 contra
1548 2211 1672 2244 Ellisio

129 2264 259 2306 duplex
287 2263 474 2306 Sagittarii
496 2264 609 2295 forma
636 2264 673 2295 in
700 2274 736 2295 se
763 2263 863 2304 quasi
889 2262 1074 2304 augurium
1100 2263 1280 2293 continere
1303 2262 1446 2294 uidetur
1470 2262 1672 2305 Capricorni

129 2318 166 2348 et
182 2317 292 2358 ipsius
309 2315 482 2357 duplicis;
507 2316 568 2357 qui
584 2314 856 2357 praepositionis
875 2325 959 2345 usus
978 2313 1129 2345 habetur
1150 2322 1179 2344 11
1201 2314 1240 2345 16
1260 2317 1295 2345 et
1314 2314 1387 2346 623.
1437 2314 1544 2345 etiam
1566 2315 1672 2346 tertio

130 2367 233 2399 modo
248 2367 307 2399 sub
324 2367 397 2408 ipso
420 2366 532 2408 accipi
553 2370 681 2408 potest,
702 2370 743 2397 ut
759 2366 806 2397 sit
822 2365 921 2405 infra
938 2375 982 2403 se,
1008 2365 1137 2396 collato
1154 2373 1167 2396 1
1184 2365 1247 2398 672
1263 2365 1351 2396 limzc
1367 2365 1572 2404 (zodiacum)
1590 2371 1673 2397 tenet

130 2430 153 2450 a
183 2429 314 2450 summo
346 2419 486 2457 Cancer,
522 2418 755 2458 Capricornus
785 2417 827 2448 ab
858 2417 938 2455 imo,
967 2416 1261 2457 quemadmodum
1288 2416 1342 2447 bis
1373 2416 1536 2458 Scorpius
1567 2417 1674 2449 Libra

131 2470 277 2502 inferior
308 2470 451 2506 dicitur,
486 2479 515 2501 ΙΙ
546 2470 621 2507 502,
656 2478 695 2500 1v
723 2470 786 2503 778
877 2467 938 2498 188
963 2468 1084 2508 sertui·
1110 2468 1226 2499 nescio
1256 2470 1376 2499 utrum
1407 2478 1470 2509 pro
1499 2473 1599 2507 meae,
1633 2474 1674 2500 ut

128 2531 153 2553 v
176 2523 250 2560 488,
278 2522 413 2553 dictum
437 2521 484 2552 sit
507 2532 563 2560 an,
589 2531 657 2562 quo
681 2530 784 2551 sensu
808 2522 845 2551 et
857 2520 959 2560 feror
981 2521 1018 2550 et
1041 2520 1179 2560 saepius
1200 2519 1296 2550 <licor
1314 2522 1505 2561 ponuntur,
1528 2530 1592 2561 pro
1613 2526 1668 2559 est,

129 2576 171 2605 ut
192 2582 222 2605 11
244 2574 318 2612 607,
343 2573 418 2611 609,
441 2574 515 2611 688,
538 2581 579 2604 IV
600 2573 673 2610 161,
692 2573 756 2604 332
778 2571 836 2603 snb
857 2570 1008 2602 Geminis
1027 2581 1113 2611 pars
1129 2570 1231 2602 tercia
1244 2570 1373 2610 fertur.
1423 2570 1544 2602 eadem
1560 2572 1674 2603 oritur

130 2624 310 2656 dubitatio
337 2633 367 2655 11
392 2625 466 2662 303,
494 2625 555 2655 411
648 2623 710 2653 189
732 2626 834 2654 artus
859 2625 919 2660 GL,
945 2630 1049 2653 arcus
1074 2625 1108 2653 M
1197 2621 1259 2652 190
1281 2624 1433 2654 hominis
1457 2625 1501 2659 M,
1527 2625 1598 2654 oris
1625 2626 1675 2655 GL

130 2679 172 2708 ut
197 2677 269 2710 172.
318 2675 437 2716 inepte
461 2675 531 2706 oris
554 2686 624 2706 non
647 2674 796 2716 figuram
820 2674 1102 2715 lineamentaque
1125 2673 1187 2704 sed
1208 2673 1391 2704 materiam
1413 2675 1674 2706 commemorari

130 2728 200 2759 iam
216 2727 516 2769 Regiomontanus
532 2727 662 2768 aliique
679 2725 847 2757 uidentur
862 2725 1020 2763 sensisse,
1039 2725 1101 2766 qui
1117 2735 1195 2756 cum
1212 2723 1311 2756 libris
1327 2725 1461 2766 aliquot
1476 2725 1675 2757 recentibus

130 2778 244 2811 multo
268 2782 350 2810 ante
376 2778 573 2809 Bentleium
603 2777 749 2809 hominis
776 2777 992 2818 scripserunt
1080 2779 1157 2808 fera
1183 2779 1285 2813 tergo
1312 2776 1385 2814 GL‘-',
1413 2779 1506 2808 ferat
1530 2786 1613 2815 ergo
1638 2780 1672 2816 L,

131 2834 208 2862 fera
223 2839 307 2867 ergo
323 2832 358 2860 M
444 2831 621 2867 rigentem
642 2832 702 2867 GL,
721 2831 894 2860 ferentem
914 2830 948 2858 M
1038 2827 1098 2857 191
1123 2830 1266 2859 mutant
1282 2827 1440 2866 Iacobus,
1458 2831 1587 2860 nuncia
1602 2831 1672 2867 LM,

131 2884 260 2914 nuncia-³.
289 2881 336 2919 L2,
366 2890 460 2912 nunc
489 2883 562 2912 iam
592 2884 627 2912 G.
677 2884 819 2911 mutant
851 2880 989 2921 signum
1023 2878 1228 2920 Capricorni
1259 2882 1456 2921 temporum
1487 2881 1674 2912 mutationi
