1931 3202
626 112 1110 156 ASTRONOMICON
1152 113 1202 155 II
1637 118 1686 155 17

198 237 260 268 155
377 227 593 268 humanas
614 226 748 267 etiam
769 226 933 281 species
954 226 1000 266 in
1020 229 1146 281 parte
1166 225 1347 275 uidebis,

318 315 398 342 nec
418 315 559 342 mores
580 299 773 341 distant:
803 300 1020 355 pecudum
1041 313 1142 354 pars
1164 302 1297 354 atque
1318 299 1513 341 ferarum

318 374 545 431 ingenium
566 373 742 416 facient.
804 373 1019 429 quaedam
1041 373 1257 429 signanda
1277 374 1422 429 sagaci

319 449 495 504 singula
514 451 619 489 sunt
639 448 797 496 animo,
819 448 998 503 propria
1019 462 1131 503 quae
1153 450 1269 489 sorte
1290 446 1518 489 feruntur:

318 536 434 565 nunc
454 522 569 563 binis
589 521 766 572 insiste3
796 521 968 562 dabunt
987 521 1211 576 geminata
1230 521 1423 577 potentis

199 606 260 639 160
318 611 397 653 per
417 596 582 638 socium
604 595 793 637 effectus.
855 595 1044 637 multum
1066 609 1208 637 comes
1228 594 1353 637 addit
1374 598 1419 637 et
1440 594 1597 643 aufert,

321 670 625 726 ambiguisque
646 669 809 719 ualent,
832 669 930 724 quis
951 672 1056 720 sunt
1077 669 1269 725 collegia,
1293 669 1399 710 fatis

320 745 376 786 ad
397 744 604 786 meritum
625 757 885 798 noxamque.
946 743 1055 784 duos
1076 757 1153 799 per
1174 743 1318 784 sidera
1341 743 1484 785 Pisces

320 823 364 861 et
384 818 569 860 totidem
591 817 798 859 Geminos
818 817 998 859 nudatis
1019 817 1163 873 aspice
1184 817 1401 858 membris.

320 893 389 934 his
410 892 643 934 coniuncta
663 893 844 933 manent
864 891 1034 933 alterno
1055 891 1259 933 bracchia
1280 905 1410 940 nexu,

201 977 262 1009 165
321 966 533 1009 dissimile
555 968 622 1007 est
643 966 731 1007 illis
752 966 838 1007 iter
859 965 905 1006 in
926 966 1147 1007 contraria
1168 965 1317 1007 uersis.

321 1055 402 1097 par
423 1054 645 1090 numerus,
665 1039 742 1082 sed
764 1040 881 1081 enim
903 1039 1053 1095 dispar
1073 1041 1235 1080 natura
1255 1039 1451 1080 notanda
1473 1041 1548 1080 est.

323 1119 456 1171 atque
477 1116 584 1157 haec
605 1130 660 1156 ex
682 1114 863 1171 paribus
884 1117 978 1156 toto
1000 1114 1241 1170 gaudentia
1261 1129 1392 1155 censu

148 1264 326 1307 scaligero
348 1265 581 1307 suspicionem
605 1267 787 1303 mouerat3
812 1264 943 1296 etenim
967 1265 1003 1296 in
1027 1264 1092 1296 hoc
1111 1274 1226 1303 uersu,
1252 1263 1313 1296 ubi
1332 1267 1464 1296 certam
1487 1262 1530 1294 ob
1552 1272 1692 1294 causam

149 1317 237 1348 mira
263 1317 436 1358 quaedam
462 1317 570 1349 Tauri
592 1317 791 1359 proprietas
814 1316 1016 1355 denotatur,
1040 1316 1290 1357 intempestiue
1313 1315 1357 1347 de
1380 1315 1550 1346 circinata
1577 1313 1693 1346 orbita

148 1367 310 1400 omnibus
333 1368 442 1410 signis
465 1368 640 1400 communi
665 1370 790 1410 (neque
814 1368 907 1399 enim
930 1367 1033 1399 facile
1056 1367 1153 1399 aliud
1176 1378 1217 1399 ea
1240 1377 1324 1398 uoce
1351 1366 1538 1408 significari
1561 1368 1690 1407 potest,

148 1429 192 1451 ne
218 1419 283 1451 hoc
304 1419 446 1461 quidem
467 1420 647 1459 facillime)
672 1420 803 1451 mentio
825 1420 980 1451 inicitur.
1029 1418 1072 1450 de
1091 1429 1213 1451 auerso
1238 1418 1352 1450 Tauro
1373 1421 1409 1450 et
1434 1418 1477 1449 de
1499 1417 1693 1449 scribarum

148 1472 185 1502 in
215 1471 453 1503 eonuertendo
483 1482 523 1503 eo
553 1471 764 1503 assiduitate
794 1471 869 1502 dixi
904 1471 948 1502 ad
983 1479 997 1502 1
1029 1471 1103 1503 264.
1163 1469 1339 1512 significat
1372 1472 1476 1511 poeta
1516 1469 1591 1500 iure
1629 1478 1693 1510 pro

149 1523 318 1554 feminino
347 1522 470 1554 haberi
508 1524 568 1565 qui
605 1533 749 1555 auersus
793 1525 928 1565 surgat,
969 1533 1047 1554 cum
1086 1532 1128 1553 ea
1161 1521 1298 1553 cinaedi
1334 1520 1464 1563 positio
1497 1521 1554 1559 sit,
1594 1519 1694 1551 uelut

150 1574 227 1606 Sen.
254 1585 327 1616 n.q.
354 1583 368 1606 1
401 1576 440 1607 16
470 1575 501 1607 2.
573 1575 625 1606 ita
656 1584 696 1606 Ν
727 1575 855 1606 518-21
889 1579 935 1613 at,
970 1584 1053 1614 quos
1085 1573 1206 1614 prima
1238 1577 1353 1605 creant
1382 1572 1550 1605 nascentis
1578 1571 1694 1603 sidera

155 1625 276 1665 Tauri,
299 1626 462 1667 {feminei
498 1626 668 1658 incedunt.
717 1636 775 1658 nec
812 1626 908 1665 lonae
946 1636 1052 1658 cazas-a
1088 1625 1238 1666 petenda
1277 1629 1322 1656 est
1340 1649 1347 1656 .
1369 1649 1376 1656 .
1398 1649 1405 1656 .
1425 1634 1567 1656 auersus
1602 1622 1695 1654 ‘thenit

148 1679 186 1710 in
221 1677 351 1710 caelum
454 1677 602 1709 155-157
648 1678 801 1709 humana
839 1682 876 1709 et
915 1677 1039 1709 ferina.
1099 1676 1202 1708 catal.
1244 1676 1318 1708 cod.
1361 1675 1480 1707 astrol.
1522 1675 1643 1707 Graec.
1681 1683 1694 1705 1

149 1740 181 1771 p.
218 1730 279 1762 166
310 1730 353 1762 30
383 1730 602 1770 ἀνθρωποειδῆ
632 1731 764 1767 Δίδυμοι
803 1730 974 1769 Παρθένοσ
1004 1729 1112 1768 Ζινγὸσ
1147 1727 1205 1767 (de
1236 1738 1304 1769 quo
1335 1727 1449 1759 dicam
1481 1726 1523 1758 ad
1556 1735 1585 1758 11
1616 1726 1694 1765 529)

144 1781 334 1822 Τδροχόοσ·
379 1781 522 1819 Τοξότησ
547 1782 580 1812 δὲ
601 1783 666 1812 ἀπὸ
689 1782 807 1821 μέρουσ
831 1782 882 1811 διὰ
904 1782 940 1811 τὸ
962 1781 1158 1820 ἀνθρώπειον
1180 1781 1282 1817 σῶμα.
1332 1778 1559 1820 reliquorum,
1582 1776 1618 1808 id
1640 1780 1694 1809 est

148 1834 212 1863 τῶν
237 1833 376 1872 ἀλόγων,
408 1833 512 1864 Aries
542 1836 579 1864 et
609 1833 745 1864 Tamus
776 1834 877 1872 ἥμερα
904 1832 978 1863 siue
1004 1831 1156 1873 pecudes
1186 1833 1280 1869 sunt,
1315 1831 1455 1870 ἀνήμερα
1486 1832 1522 1861 et
1552 1828 1695 1870 proprio

150 1884 289 1915 nomine
319 1883 413 1915 ferae
446 1883 580 1916 Cancer
611 1884 681 1916 Leo
719 1883 884 1925 Scorpius
922 1882 1156 1924 Capricornus
1194 1882 1312 1914 Pisces
1412 1881 1474 1912 156
1508 1889 1623 1912 mores
1655 1882 1692 1919 G,

148 1937 259 1968 moris
276 1938 344 1967 ΕΜ.
393 1946 506 1966 mores
526 1935 590 1967 sub
608 1935 678 1966 illis
697 1935 807 1977 signis
826 1935 1046 1966 nascentium
1062 1945 1132 1965 non
1149 1933 1285 1965 distant
1304 1932 1348 1965 ab
1364 1933 1518 1974 ipsorum
1540 1931 1693 1963 siderum

150 1987 372 2018 humanitate
461 1986 611 2018 157-196
644 1987 782 2027 singula
814 1989 849 2018 et
876 1986 969 2018 bina.
1019 1990 1136 2017 cetera
1158 1984 1296 2026 singula
1323 1988 1418 2022 sunt,
1447 1983 1530 2015 bina
1555 1982 1694 2015 Gemini

150 2037 259 2080 Virgo
283 2038 495 2080 Sagittarius
523 2037 755 2080 Capricornus
783 2037 909 2069 Pisces.
970 2037 1119 2068 aliorum
1142 2036 1397 2078 astrologorum
1421 2035 1514 2066 locos
1537 2033 1693 2076 congessi

149 2091 186 2122 in
201 2089 419 2132 praefatione
508 2089 569 2121 157
594 2093 768 2128 quaedam
784 2089 974 2126 Bentleius,
995 2098 1086 2127 quae
1101 2091 1174 2120 iam
1190 2088 1283 2125 libri,
1307 2097 1377 2128 quo
1392 2097 1509 2118 errore
1530 2085 1691 2117 effectum

150 2145 205 2173 est
231 2145 273 2173 ut
299 2141 437 2183 singula
463 2141 538 2173 siue
565 2141 749 2182 simplicia,
778 2140 871 2172 binis
899 2141 1087 2178 contraria,
1120 2150 1293 2181 nusquam
1324 2139 1690 2176 commemorarentur,

150 2193 265 2225 ferina
293 2203 378 2224 uero
406 2192 476 2224 iam
508 2193 714 2235 singillatim
745 2192 916 2234 signanda
947 2202 1032 2230 csse,
1066 2191 1161 2232 quod
1192 2194 1311 2222 tamen
1341 2200 1411 2221 non
1438 2188 1491 2227 fit,
1521 2192 1568 2227 et,
1598 2188 1693 2230 quod

151 2254 220 2286 quo
243 2247 379 2286 spectet
401 2255 504 2286 aegre
525 2247 683 2286 exputes,
707 2244 851 2285 propria
873 2246 967 2275 sorte
989 2243 1072 2274 ferri
1094 2242 1304 2273 dicerentur.
1354 2241 1417 2272 has
1443 2243 1561 2272 tantas
1583 2249 1694 2281 nugas

151 2294 306 2338 Scaliger
343 2299 380 2327 et
416 2299 605 2328 notauerat
642 2299 688 2334 et,
730 2306 808 2327 cum
844 2295 947 2326 eciam
977 2293 1195 2332 rescriberet,
1229 2292 1444 2329 sustulerat3
1483 2294 1694 2323 reuocarunt

151 2347 300 2380 Iacobus
328 2350 364 2379 ct
387 2347 567 2379 Breiterus
679 2346 739 2377 158
764 2350 859 2379 sorte
885 2345 932 2383 L2‚
956 2349 1048 2377 forte
1075 2347 1169 2376 ΘΒΜ.
1214 2343 1363 2385 propria
1389 2348 1488 2381 sorte,
1517 2343 1592 2374 sine
1615 2352 1693 2373 con-

152 2399 271 2431 sortio.
334 2398 429 2430 hunc
472 2409 611 2430 uersum
653 2398 838 2430 Bentlcius
882 2397 1058 2429 sententia
1098 2395 1301 2437 postulante
1344 2405 1422 2426 cum
1465 2393 1694 2436 sequentibus

152 2451 387 2489 eontinuauit,
405 2450 488 2482 libri
506 2461 527 2482 a
546 2461 578 2482 u.
599 2450 659 2482 159
681 2459 769 2481 nunc
789 2449 875 2480 binis
896 2459 1023 2480 nouam
1045 2447 1288 2489 paragraphen
1309 2445 1520 2477 ordiuntur:
1545 2443 1694 2476 Iacobus

152 2501 345 2534 Bechertus
365 2502 547 2534 Breiterus
563 2505 683 2533 utrum
704 2501 894 2532 maluerint
910 2500 1084 2531 neminem
1102 2498 1297 2530 docendum
1318 2500 1405 2539 puto
1495 2496 1556 2527 159
1572 2506 1694 2528 sensus

151 2559 233 2595 post
258 2553 405 2585 tertium
436 2553 640 2585 trochaeum
672 2553 802 2584 incisus
832 2555 886 2583 est
917 2552 1024 2583 etiam
1054 2551 1117 2582 162
1143 2552 1180 2581 et
1211 2550 1326 2580 minus
1355 2549 1512 2590 grauiter
1540 2556 1585 2578 111
1615 2547 1691 2585 411,

152 2615 232 2636 nam
263 2614 277 2636 1
307 2606 371 2639 417
402 2605 600 2646 similesque
631 2614 753 2635 uersus
784 2614 853 2634 non
883 2613 1028 2634 numero
1119 2600 1268 2642 potentis
1301 2610 1366 2640 per
1396 2599 1522 2631 socium
1551 2598 1691 2638 effictus,

149 2667 301 2698 quorum
313 2657 508 2698 potentiam
521 2657 634 2687 socius
647 2659 833 2696 temperat,
849 2655 1015 2685 maiorem
1027 2653 1242 2684 minoremue
1254 2651 1432 2683 reddendo
1521 2649 1583 2680 160
1595 2651 1696 2681 addit

154 2706 226 2749 (ΠΡ,
259 2710 366 2739 addet
395 2710 453 2739 ΒΜ
557 2706 617 2737 161
649 2709 896 2744 ambiguisque
926 2709 972 2744 M,
1006 2706 1181 2742 ambiguis
1212 2706 1249 2742 G,
1282 2705 1540 2740 ambiguusque
1570 2704 1594 2732 L

198 2758 258 2790 165
282 2759 435 2790 Piscium
462 2758 601 2800 signum
626 2759 841 2796 ἀντικείμενον
867 2756 969 2796 ἐαυτῷ
991 2759 1139 2787 uocatur
1162 2754 1311 2787 Maximi
1334 2765 1354 2785 a
1378 2752 1583 2785 Ludwiehio
1607 2751 1695 2784 editi

152 2821 186 2852 p.
220 2810 281 2842 109
312 2810 366 2848 21,
395 2810 494 2842 Vett.
525 2809 605 2841 Val.
636 2820 669 2851 p.
703 2810 742 2841 13
770 2810 801 2847 3,
831 2807 1010 2841 C.C.A.G.
1039 2816 1063 2838 V
1090 2807 1130 2838 iii
1156 2817 1188 2848 p.
1219 2806 1260 2838 96
1289 2806 1329 2837 31
1421 2804 1481 2835 166
1505 2809 1633 2835 natura
1659 2803 1696 2835 in

152 2861 310 2894 Geminis
337 2871 491 2900 concors,
521 2861 654 2892 discors
685 2861 721 2892 in
754 2859 913 2892 Piscibus
1007 2858 1067 2890 167
1100 2863 1166 2890 ίοίο
1197 2856 1382 2898 ,qaudemz'a
1415 2866 1512 2888 censu
1543 2854 1697 2896 Scaliger

915 2921 940 2948 Β
