<?xml version="1.0" encoding="UTF-8"?>
<!DOCTYPE html PUBLIC "-//W3C//DTD XHTML 1.0 Transitional//EN"
    "http://www.w3.org/TR/xhtml1/DTD/xhtml1-transitional.dtd">
<html xmlns="http://www.w3.org/1999/xhtml" xml:lang="en" lang="en">
 <head>
  <title>
</title>
<meta http-equiv="Content-Type" content="text/html;charset=utf-8" />
  <meta name='ocr-system' content='tesseract 3.04.00' />
  <meta name='ocr-capabilities' content='ocr_page ocr_carea ocr_par ocr_line ocrx_word'/>
</head>
<body>
  <div class='ocr_page' id='page_1' title='image "astronomiconrece02maniuoft_0100.png"; bbox 0 0 1931 3202; ppageno 0'>
   <div class='ocr_carea' id='block_1_1' title="bbox 248 116 1191 159">
    <p class='ocr_par' dir='ltr' id='par_1_1' title="bbox 248 116 1191 159">
     <span class='ocr_line' id='line_1_1' title="bbox 248 116 1191 159; baseline -0.001 0"><span class='ocrx_word' id='word_1_1' title='bbox 248 121 305 159; x_wconf 81' lang='lat'>64</span> <span class='ocrx_word' id='word_1_2' title='bbox 847 117 908 159; x_wconf 82' lang='lat' dir='ltr'>M.</span> <span class='ocrx_word' id='word_1_3' title='bbox 941 116 1191 159; x_wconf 81' lang='lat' dir='ltr'><strong>MANILII</strong></span> 
     </span>
    </p>
   </div>
   <div class='ocr_carea' id='block_1_2' title="bbox 297 225 1670 726">
    <p class='ocr_par' dir='ltr' id='par_1_2' title="bbox 420 225 1477 357">
     <span class='ocr_line' id='line_1_2' title="bbox 421 225 1477 283; baseline 0 -15"><span class='ocrx_word' id='word_1_4' title='bbox 421 242 534 269; x_wconf 83' lang='lat' dir='ltr'>unus</span> <span class='ocrx_word' id='word_1_5' title='bbox 555 232 650 270; x_wconf 78' lang='lat' dir='ltr'>erat</span> <span class='ocrx_word' id='word_1_6' title='bbox 672 227 870 283; x_wconf 82' lang='lat' dir='ltr'>Pylades,</span> <span class='ocrx_word' id='word_1_7' title='bbox 892 241 1006 269; x_wconf 88' lang='lat' dir='ltr'>unus</span> <span class='ocrx_word' id='word_1_8' title='bbox 1027 227 1102 282; x_wconf 85' lang='lat' dir='ltr'>qui</span> <span class='ocrx_word' id='word_1_9' title='bbox 1125 226 1277 268; x_wconf 83' lang='lat' dir='ltr'>mallet</span> <span class='ocrx_word' id='word_1_10' title='bbox 1299 225 1477 268; x_wconf 78' lang='lat' dir='ltr'>Orestes</span> 
     </span>
     <span class='ocr_line' id='line_1_3' title="bbox 420 300 1452 357; baseline 0 -15"><span class='ocrx_word' id='word_1_11' title='bbox 420 302 511 357; x_wconf 82' lang='lat' dir='ltr'>ipse</span> <span class='ocrx_word' id='word_1_12' title='bbox 534 302 666 352; x_wconf 86' lang='lat' dir='ltr'>mori;</span> <span class='ocrx_word' id='word_1_13' title='bbox 698 302 750 343; x_wconf 90' lang='lat' dir='ltr'>lis</span> <span class='ocrx_word' id='word_1_14' title='bbox 773 316 862 342; x_wconf 81' lang='lat' dir='ltr'>una</span> <span class='ocrx_word' id='word_1_15' title='bbox 884 300 973 342; x_wconf 84' lang='lat' dir='ltr'>fuit</span> <span class='ocrx_word' id='word_1_16' title='bbox 993 315 1070 356; x_wconf 89' lang='lat' dir='ltr'>per</span> <span class='ocrx_word' id='word_1_17' title='bbox 1090 300 1264 342; x_wconf 85' lang='lat' dir='ltr'>saecula</span> <span class='ocrx_word' id='word_1_18' title='bbox 1286 301 1452 349; x_wconf 83' lang='lat' dir='ltr'>mortis,</span> 
     </span>
    </p>

    <p class='ocr_par' dir='ltr' id='par_1_3' title="bbox 297 374 1670 726">
     <span class='ocr_line' id='line_1_4' title="bbox 297 374 1501 431; baseline 0.001 -16"><span class='ocrx_word' id='word_1_19' title='bbox 297 384 360 415; x_wconf 82' lang='lat'>585</span> <span class='ocrx_word' id='word_1_20' title='bbox 420 376 532 417; x_wconf 84' lang='lat' dir='ltr'>alter</span> <span class='ocrx_word' id='word_1_21' title='bbox 553 375 669 431; x_wconf 85' lang='lat' dir='ltr'>quod</span> <span class='ocrx_word' id='word_1_22' title='bbox 690 378 864 431; x_wconf 84' lang='lat' dir='ltr'>raperet</span> <span class='ocrx_word' id='word_1_23' title='bbox 886 374 1041 423; x_wconf 82' lang='lat' dir='ltr'>fatum,</span> <span class='ocrx_word' id='word_1_24' title='bbox 1063 389 1149 416; x_wconf 91' lang='lat' dir='ltr'>non</span> <span class='ocrx_word' id='word_1_25' title='bbox 1172 374 1344 417; x_wconf 86' lang='lat' dir='ltr'>cederet</span> <span class='ocrx_word' id='word_1_26' title='bbox 1365 375 1501 424; x_wconf 66' lang='lat' dir='ltr'>alter,</span> 
     </span>
     <span class='ocr_line' id='line_1_5' title="bbox 422 448 1462 504; baseline -0.002 -13"><span class='ocrx_word' id='word_1_27' title='bbox 422 449 484 503; x_wconf 88' lang='lat' dir='ltr'>[et</span> <span class='ocrx_word' id='word_1_28' title='bbox 505 449 592 491; x_wconf 91' lang='lat' dir='ltr'>duo</span> <span class='ocrx_word' id='word_1_29' title='bbox 615 449 688 504; x_wconf 85' lang='lat' dir='ltr'>qui</span> <span class='ocrx_word' id='word_1_30' title='bbox 710 453 891 504; x_wconf 87' lang='lat' dir='ltr'>potuere</span> <span class='ocrx_word' id='word_1_31' title='bbox 913 449 1034 504; x_wconf 83' lang='lat' dir='ltr'>sequi</span> <span class='ocrx_word' id='word_1_32' title='bbox 1056 448 1133 489; x_wconf 85' lang='lat' dir='ltr'>uix</span> <span class='ocrx_word' id='word_1_33' title='bbox 1155 449 1289 490; x_wconf 83' lang='lat' dir='ltr'>noxia</span> <span class='ocrx_word' id='word_1_34' title='bbox 1309 449 1462 504; x_wconf 85' lang='lat' dir='ltr'>poenis</span> 
     </span>
     <span class='ocr_line' id='line_1_6' title="bbox 420 522 1465 578; baseline 0.001 -15"><span class='ocrx_word' id='word_1_35' title='bbox 420 523 679 578; x_wconf 79' lang='lat' dir='ltr'>optauitque</span> <span class='ocrx_word' id='word_1_36' title='bbox 700 536 822 564; x_wconf 87' lang='lat' dir='ltr'>reum</span> <span class='ocrx_word' id='word_1_37' title='bbox 845 537 1027 578; x_wconf 83' lang='lat' dir='ltr'>sponsor</span> <span class='ocrx_word' id='word_1_38' title='bbox 1047 536 1135 563; x_wconf 91' lang='lat' dir='ltr'>non</span> <span class='ocrx_word' id='word_1_39' title='bbox 1156 537 1280 578; x_wconf 90' lang='lat' dir='ltr'>posse</span> <span class='ocrx_word' id='word_1_40' title='bbox 1302 522 1465 564; x_wconf 88' lang='lat' dir='ltr'>reuerti</span> 
     </span>
     <span class='ocr_line' id='line_1_7' title="bbox 421 596 1522 652; baseline 0.001 -17"><span class='ocrx_word' id='word_1_41' title='bbox 421 610 758 652; x_wconf 69' lang='lat' dir='ltr'>sponsoremque</span> <span class='ocrx_word' id='word_1_42' title='bbox 779 610 880 637; x_wconf 85' lang='lat' dir='ltr'>reus</span> <span class='ocrx_word' id='word_1_43' title='bbox 901 596 1053 637; x_wconf 85' lang='lat' dir='ltr'>timuit</span> <span class='ocrx_word' id='word_1_44' title='bbox 1073 610 1127 637; x_wconf 90' lang='lat' dir='ltr'>ne</span> <span class='ocrx_word' id='word_1_45' title='bbox 1149 596 1338 638; x_wconf 87' lang='lat' dir='ltr'>solueret</span> <span class='ocrx_word' id='word_1_46' title='bbox 1359 596 1522 652; x_wconf 83' lang='lat' dir='ltr'>ipsum]</span> 
     </span>
     <span class='ocr_line' id='line_1_8' title="bbox 421 669 1670 726; baseline -0.001 -14"><span class='ocrx_word' id='word_1_47' title='bbox 421 684 584 725; x_wconf 81' lang='lat' dir='ltr'>perque</span> <span class='ocrx_word' id='word_1_48' title='bbox 606 672 675 711; x_wconf 88' lang='lat' dir='ltr'>tot</span> <span class='ocrx_word' id='word_1_49' title='bbox 696 673 862 711; x_wconf 88' lang='lat' dir='ltr'>aetates</span> <span class='ocrx_word' id='word_1_50' title='bbox 884 669 1124 718; x_wconf 85' lang='lat' dir='ltr'>hominum,</span> <span class='ocrx_word' id='word_1_51' title='bbox 1145 672 1214 711; x_wconf 89' lang='lat' dir='ltr'>tot</span> <span class='ocrx_word' id='word_1_52' title='bbox 1233 673 1433 726; x_wconf 86' lang='lat' dir='ltr'>tempora</span> <span class='ocrx_word' id='word_1_53' title='bbox 1455 673 1499 711; x_wconf 93' lang='lat' dir='ltr'>et</span> <span class='ocrx_word' id='word_1_54' title='bbox 1520 683 1670 719; x_wconf 87' lang='lat' dir='ltr'>annos,</span> 
     </span>
    </p>
   </div>
   <div class='ocr_carea' id='block_1_3' title="bbox 239 864 1798 2909">
    <p class='ocr_par' dir='ltr' id='par_1_4' title="bbox 239 864 1798 2909">
     <span class='ocr_line' id='line_1_9' title="bbox 248 864 1788 907; baseline 0.001 -11"><span class='ocrx_word' id='word_1_55' title='bbox 248 865 312 897; x_wconf 88' lang='lat' dir='ltr'>hoc</span> <span class='ocrx_word' id='word_1_56' title='bbox 329 869 382 896; x_wconf 87' lang='lat' dir='ltr'>est</span> <span class='ocrx_word' id='word_1_57' title='bbox 398 875 487 907; x_wconf 86' lang='lat' dir='ltr'>quae</span> <span class='ocrx_word' id='word_1_58' title='bbox 511 875 685 897; x_wconf 89' lang='lat' dir='ltr'>uenenum</span> <span class='ocrx_word' id='word_1_59' title='bbox 702 865 804 897; x_wconf 81' lang='lat' dir='ltr'>fallat</span> <span class='ocrx_word' id='word_1_60' title='bbox 821 865 895 897; x_wconf 88' lang='lat' dir='ltr'>siue</span> <span class='ocrx_word' id='word_1_61' title='bbox 911 864 1121 904; x_wconf 78' lang='lat' dir='ltr'>dissimulet,</span> <span class='ocrx_word' id='word_1_62' title='bbox 1141 868 1181 897; x_wconf 91' lang='lat' dir='ltr'>ut</span> <span class='ocrx_word' id='word_1_63' title='bbox 1198 865 1300 897; x_wconf 88' lang='lat' dir='ltr'>docui</span> <span class='ocrx_word' id='word_1_64' title='bbox 1324 866 1360 897; x_wconf 91' lang='lat' dir='ltr'>in</span> <span class='ocrx_word' id='word_1_65' title='bbox 1382 865 1550 899; x_wconf 82' lang='lat' dir='ltr'>Classical</span> <span class='ocrx_word' id='word_1_66' title='bbox 1572 865 1716 897; x_wconf 83' lang='lat' dir='ltr'>Review</span> <span class='ocrx_word' id='word_1_67' title='bbox 1732 875 1788 897; x_wconf 85' lang='lat' dir='ltr'>an.</span> 
     </span>
     <span class='ocr_line' id='line_1_10' title="bbox 251 916 1794 959; baseline 0 -11"><span class='ocrx_word' id='word_1_68' title='bbox 251 916 334 948; x_wconf 86' lang='lat'>1900</span> <span class='ocrx_word' id='word_1_69' title='bbox 359 926 416 958; x_wconf 92' lang='lat' dir='ltr'>pp.</span> <span class='ocrx_word' id='word_1_70' title='bbox 449 916 568 950; x_wconf 82' lang='lat'>257-9.</span> <span class='ocrx_word' id='word_1_71' title='bbox 617 917 745 948; x_wconf 91' lang='lat' dir='ltr'>iterum</span> <span class='ocrx_word' id='word_1_72' title='bbox 763 917 913 958; x_wconf 78' lang='lat' dir='ltr'><em>foedera</em></span> <span class='ocrx_word' id='word_1_73' title='bbox 939 927 1003 959; x_wconf 91' lang='lat' dir='ltr'>pro</span> <span class='ocrx_word' id='word_1_74' title='bbox 1027 921 1167 957; x_wconf 74' lang='lat' dir='ltr'>pectora</span> <span class='ocrx_word' id='word_1_75' title='bbox 1195 917 1402 949; x_wconf 89' lang='lat' dir='ltr'>restitutum</span> <span class='ocrx_word' id='word_1_76' title='bbox 1425 920 1479 949; x_wconf 90' lang='lat' dir='ltr'>est</span> <span class='ocrx_word' id='word_1_77' title='bbox 1503 926 1532 949; x_wconf 95' lang='lat'>11</span> <span class='ocrx_word' id='word_1_78' title='bbox 1555 917 1642 955; x_wconf 78' lang='lat'><strong>6763</strong></span> <span class='ocrx_word' id='word_1_79' title='bbox 1665 917 1794 958; x_wconf 70' lang='lat' dir='ltr'>foedus</span> 
     </span>
     <span class='ocr_line' id='line_1_11' title="bbox 248 967 1789 1007; baseline 0.001 -8"><span class='ocrx_word' id='word_1_80' title='bbox 248 967 422 999; x_wconf 75' lang='lat' dir='ltr'>amicitiae</span> <span class='ocrx_word' id='word_1_81' title='bbox 441 967 546 1000; x_wconf 85' lang='lat' dir='ltr'>multi</span> <span class='ocrx_word' id='word_1_82' title='bbox 570 972 855 1007; x_wconf 86' lang='lat' dir='ltr'>commemorant,</span> <span class='ocrx_word' id='word_1_83' title='bbox 881 968 981 1000; x_wconf 88' lang='lat' dir='ltr'>uelut</span> <span class='ocrx_word' id='word_1_84' title='bbox 1004 967 1134 1001; x_wconf 83' lang='lat' dir='ltr'>Catull.</span> <span class='ocrx_word' id='word_1_85' title='bbox 1163 969 1225 1001; x_wconf 89' lang='grc'>109</span> <span class='ocrx_word' id='word_1_86' title='bbox 1249 969 1279 1007; x_wconf 91' lang='grc'>6,</span> <span class='ocrx_word' id='word_1_87' title='bbox 1307 968 1409 1001; x_wconf 90' lang='lat' dir='ltr'>Ouid.</span> <span class='ocrx_word' id='word_1_88' title='bbox 1436 969 1529 1001; x_wconf 86' lang='lat' dir='ltr'>trist.</span> <span class='ocrx_word' id='word_1_89' title='bbox 1557 977 1603 1000; x_wconf 88' lang='lat'>111</span> <span class='ocrx_word' id='word_1_90' title='bbox 1627 969 1646 1001; x_wconf 88' lang='grc'>6</span> <span class='ocrx_word' id='word_1_91' title='bbox 1672 970 1700 1007; x_wconf 92' lang='grc'>1,</span> <span class='ocrx_word' id='word_1_92' title='bbox 1727 967 1789 1001; x_wconf 91' lang='lat' dir='ltr'>Sil.</span> 
     </span>
     <span class='ocr_line' id='line_1_12' title="bbox 248 1018 1793 1062; baseline 0.001 -12"><span class='ocrx_word' id='word_1_93' title='bbox 248 1027 329 1050; x_wconf 68' lang='grc' dir='ltr'>ΧΠ]</span> <span class='ocrx_word' id='word_1_94' title='bbox 346 1019 364 1052; x_wconf 86' lang='lat'><strong>7</strong></span> <span class='ocrx_word' id='word_1_95' title='bbox 368 1020 399 1057; x_wconf 79' lang='lat'>5,</span> <span class='ocrx_word' id='word_1_96' title='bbox 419 1018 510 1051; x_wconf 88' lang='lat' dir='ltr'>Stat.</span> <span class='ocrx_word' id='word_1_97' title='bbox 530 1019 607 1051; x_wconf 88' lang='lat' dir='ltr'>silu.</span> <span class='ocrx_word' id='word_1_98' title='bbox 629 1028 668 1050; x_wconf 88' lang='lat' dir='ltr'>1v</span> <span class='ocrx_word' id='word_1_99' title='bbox 685 1020 705 1051; x_wconf 89' lang='grc'>6</span> <span class='ocrx_word' id='word_1_100' title='bbox 722 1020 775 1059; x_wconf 84' lang='grc'>93,</span> <span class='ocrx_word' id='word_1_101' title='bbox 794 1019 960 1051; x_wconf 88' lang='lat' dir='ltr'>Dracont.</span> <span class='ocrx_word' id='word_1_102' title='bbox 981 1019 1126 1062; x_wconf 88' lang='lat' dir='ltr'>epithal.</span> <span class='ocrx_word' id='word_1_103' title='bbox 1147 1020 1189 1051; x_wconf 84' lang='lat'>2:</span> <span class='ocrx_word' id='word_1_104' title='bbox 1214 1019 1305 1052; x_wconf 88' lang='lat' dir='ltr'>adde</span> <span class='ocrx_word' id='word_1_105' title='bbox 1321 1019 1418 1052; x_wconf 81' lang='lat' dir='ltr'>Man.</span> <span class='ocrx_word' id='word_1_106' title='bbox 1438 1028 1468 1051; x_wconf 91' lang='lat'>11</span> <span class='ocrx_word' id='word_1_107' title='bbox 1489 1020 1553 1052; x_wconf 84' lang='lat'>605</span> <span class='ocrx_word' id='word_1_108' title='bbox 1561 1019 1651 1061; x_wconf 81' lang='lat' dir='ltr'>fidei</span> <span class='ocrx_word' id='word_1_109' title='bbox 1670 1030 1793 1052; x_wconf 80' lang='lat' dir='ltr'>rarum</span> 
     </span>
     <span class='ocr_line' id='line_1_13' title="bbox 239 1069 1793 1113; baseline 0.001 -12"><span class='ocrx_word' id='word_1_110' title='bbox 239 1070 377 1110; x_wconf 69' lang='lat' dir='ltr'>foedus,</span> <span class='ocrx_word' id='word_1_111' title='bbox 396 1079 441 1101; x_wconf 92' lang='lat'>111</span> <span class='ocrx_word' id='word_1_112' title='bbox 461 1070 522 1102; x_wconf 91' lang='grc'>122</span> <span class='ocrx_word' id='word_1_113' title='bbox 538 1070 741 1111; x_wconf 72' lang='lat' dir='ltr'>conimzyens</span> <span class='ocrx_word' id='word_1_114' title='bbox 756 1071 883 1111; x_wconf 80' lang='lat' dir='ltr'>foedus</span> <span class='ocrx_word' id='word_1_115' title='bbox 899 1070 1036 1110; x_wconf 81' lang='lat' dir='ltr'>amicos,</span> <span class='ocrx_word' id='word_1_116' title='bbox 1056 1070 1165 1102; x_wconf 88' lang='lat' dir='ltr'>Mart.</span> <span class='ocrx_word' id='word_1_117' title='bbox 1185 1080 1199 1102; x_wconf 94' lang='lat'>1</span> <span class='ocrx_word' id='word_1_118' title='bbox 1215 1071 1258 1103; x_wconf 82' lang='lat'>93</span> <span class='ocrx_word' id='word_1_119' title='bbox 1273 1072 1294 1103; x_wconf 92' lang='grc'><strong><em>5</em></strong></span> <span class='ocrx_word' id='word_1_120' title='bbox 1310 1081 1360 1113; x_wconf 88' lang='lat' dir='ltr'>sq.</span> <span class='ocrx_word' id='word_1_121' title='bbox 1381 1071 1515 1103; x_wconf 64' lang='lat' dir='ltr'>iunctus</span> <span class='ocrx_word' id='word_1_122' title='bbox 1537 1076 1675 1112; x_wconf 71' lang='lat' dir='ltr'>uterque</span> <span class='ocrx_word' id='word_1_123' title='bbox 1694 1069 1793 1104; x_wconf 64' lang='lat' dir='ltr'>&#39;sacro</span> 
     </span>
     <span class='ocr_line' id='line_1_14' title="bbox 246 1121 1794 1163; baseline 0.001 -10"><span class='ocrx_word' id='word_1_124' title='bbox 246 1121 410 1153; x_wconf 73' lang='lat' dir='ltr'>laudatae</span> <span class='ocrx_word' id='word_1_125' title='bbox 418 1121 587 1162; x_wconf 80' lang='lat' dir='ltr'>foedere</span> <span class='ocrx_word' id='word_1_126' title='bbox 604 1122 708 1161; x_wconf 74' lang='lat' dir='ltr'>uitae,</span> <span class='ocrx_word' id='word_1_127' title='bbox 733 1122 920 1163; x_wconf 70' lang='lat' dir='ltr'>&#39;famaque</span> <span class='ocrx_word' id='word_1_128' title='bbox 933 1122 1025 1163; x_wconf 75' lang='lat' dir='ltr'>quod</span> <span class='ocrx_word' id='word_1_129' title='bbox 1040 1133 1138 1154; x_wconf 75' lang='lat' dir='ltr'>raro</span> <span class='ocrx_word' id='word_1_130' title='bbox 1149 1122 1255 1162; x_wconf 75' lang='lat' dir='ltr'>nouit,</span> <span class='ocrx_word' id='word_1_131' title='bbox 1271 1122 1425 1155; x_wconf 73' lang='lat' dir='ltr'>amica-9</span> <span class='ocrx_word' id='word_1_132' title='bbox 1439 1128 1524 1155; x_wconf 75' lang='lat' dir='ltr'>erac.</span> <span class='ocrx_word' id='word_1_133' title='bbox 1573 1122 1617 1155; x_wconf 89' lang='lat' dir='ltr'>de</span> <span class='ocrx_word' id='word_1_134' title='bbox 1629 1123 1794 1155; x_wconf 84' lang='lat' dir='ltr'>uniuersa</span> 
     </span>
     <span class='ocr_line' id='line_1_15' title="bbox 250 1172 1796 1215; baseline 0.001 -11"><span class='ocrx_word' id='word_1_135' title='bbox 250 1173 427 1205; x_wconf 83' lang='lat' dir='ltr'>sententia</span> <span class='ocrx_word' id='word_1_136' title='bbox 443 1173 525 1205; x_wconf 81' lang='lat' dir='ltr'>uide</span> <span class='ocrx_word' id='word_1_137' title='bbox 538 1173 609 1206; x_wconf 89' lang='lat' dir='ltr'>Cic.</span> <span class='ocrx_word' id='word_1_138' title='bbox 626 1172 722 1205; x_wconf 83' lang='lat' dir='ltr'>Lael.</span> <span class='ocrx_word' id='word_1_139' title='bbox 741 1175 779 1205; x_wconf 89' lang='lat'>15</span> <span class='ocrx_word' id='word_1_140' title='bbox 797 1184 837 1205; x_wconf 73' lang='lat' dir='ltr'>ecc</span> <span class='ocrx_word' id='word_1_141' title='bbox 849 1173 1002 1205; x_wconf 74' lang='lat' dir='ltr'>omuibus</span> <span class='ocrx_word' id='word_1_142' title='bbox 1017 1174 1159 1206; x_wconf 74' lang='lat' dir='ltr'>saeculis</span> <span class='ocrx_word' id='word_1_143' title='bbox 1174 1174 1236 1206; x_wconf 81' lang='lat' dir='ltr'>uix</span> <span class='ocrx_word' id='word_1_144' title='bbox 1247 1174 1319 1205; x_wconf 77' lang='lat' dir='ltr'>tria</span> <span class='ocrx_word' id='word_1_145' title='bbox 1330 1179 1390 1206; x_wconf 75' lang='lat' dir='ltr'>auc</span> <span class='ocrx_word' id='word_1_146' title='bbox 1403 1179 1564 1215; x_wconf 75' lang='lat' dir='ltr'>quattuor</span> <span class='ocrx_word' id='word_1_147' title='bbox 1575 1174 1796 1206; x_wconf 71' lang='lat' dir='ltr'>nominantur</span> 
     </span>
     <span class='ocr_line' id='line_1_16' title="bbox 245 1224 1796 1267; baseline 0.001 -12"><span class='ocrx_word' id='word_1_148' title='bbox 245 1224 356 1264; x_wconf 74' lang='lat' dir='ltr'>paria</span> <span class='ocrx_word' id='word_1_149' title='bbox 379 1224 581 1262; x_wconf 76' lang='lat' dir='ltr'>amicorum,</span> <span class='ocrx_word' id='word_1_150' title='bbox 608 1224 651 1256; x_wconf 89' lang='lat' dir='ltr'>de</span> <span class='ocrx_word' id='word_1_151' title='bbox 674 1224 733 1256; x_wconf 90' lang='lat' dir='ltr'>fin.</span> <span class='ocrx_word' id='word_1_152' title='bbox 754 1234 767 1256; x_wconf 87' lang='lat'>1</span> <span class='ocrx_word' id='word_1_153' title='bbox 791 1226 833 1257; x_wconf 89' lang='lat'>65</span> <span class='ocrx_word' id='word_1_154' title='bbox 846 1225 952 1266; x_wconf 78' lang='lat' dir='ltr'>fictae</span> <span class='ocrx_word' id='word_1_155' title='bbox 976 1230 1127 1257; x_wconf 73' lang='lat' dir='ltr'>ueterum</span> <span class='ocrx_word' id='word_1_156' title='bbox 1141 1225 1289 1266; x_wconf 82' lang='lat' dir='ltr'>fabulae</span> <span class='ocrx_word' id='word_1_157' title='bbox 1304 1249 1312 1257; x_wconf 90' lang='lat'>.</span> <span class='ocrx_word' id='word_1_158' title='bbox 1334 1250 1341 1257; x_wconf 94' lang='lat'><strong><em>.</em></strong></span> <span class='ocrx_word' id='word_1_159' title='bbox 1363 1250 1370 1257; x_wconf 93' lang='lat'><em>.</em></span> <span class='ocrx_word' id='word_1_160' title='bbox 1390 1225 1565 1267; x_wconf 75' lang='lat' dir='ltr'>inquibus</span> <span class='ocrx_word' id='word_1_161' title='bbox 1588 1230 1660 1257; x_wconf 81' lang='lat' dir='ltr'>tam</span> <span class='ocrx_word' id='word_1_162' title='bbox 1679 1225 1796 1258; x_wconf 72' lang='lat' dir='ltr'>‘multis</span> 
     </span>
     <span class='ocr_line' id='line_1_17' title="bbox 249 1275 1794 1318; baseline 0.002 -12"><span class='ocrx_word' id='word_1_163' title='bbox 249 1280 386 1316; x_wconf 75' lang='lat' dir='ltr'>tamque</span> <span class='ocrx_word' id='word_1_164' title='bbox 416 1275 539 1314; x_wconf 77' lang='lat' dir='ltr'>uariis,</span> <span class='ocrx_word' id='word_1_165' title='bbox 567 1276 610 1307; x_wconf 91' lang='lat' dir='ltr'>ab</span> <span class='ocrx_word' id='word_1_166' title='bbox 641 1276 764 1308; x_wconf 77' lang='lat' dir='ltr'>ultima</span> <span class='ocrx_word' id='word_1_167' title='bbox 791 1276 995 1317; x_wconf 72' lang='lat' dir='ltr'>antiquitate</span> <span class='ocrx_word' id='word_1_168' title='bbox 1021 1276 1184 1317; x_wconf 70' lang='lat' dir='ltr'>repetitis,</span> <span class='ocrx_word' id='word_1_169' title='bbox 1212 1276 1282 1308; x_wconf 75' lang='lat' dir='ltr'>tria</span> <span class='ocrx_word' id='word_1_170' title='bbox 1308 1276 1371 1308; x_wconf 78' lang='lat' dir='ltr'>uix</span> <span class='ocrx_word' id='word_1_171' title='bbox 1395 1276 1586 1309; x_wconf 83' lang='lat' dir='ltr'>amicorum</span> <span class='ocrx_word' id='word_1_172' title='bbox 1606 1277 1715 1318; x_wconf 77' lang='lat' dir='ltr'>paria</span> <span class='ocrx_word' id='word_1_173' title='bbox 1744 1287 1794 1309; x_wconf 80' lang='lat' dir='ltr'>re-</span> 
     </span>
     <span class='ocr_line' id='line_1_18' title="bbox 240 1327 1796 1370; baseline 0.001 -12"><span class='ocrx_word' id='word_1_174' title='bbox 240 1327 419 1366; x_wconf 72' lang='lat' dir='ltr'>feramur,</span> <span class='ocrx_word' id='word_1_175' title='bbox 446 1332 482 1359; x_wconf 72' lang='lat' dir='ltr'>ut</span> <span class='ocrx_word' id='word_1_176' title='bbox 507 1327 554 1359; x_wconf 83' lang='lat' dir='ltr'>ad</span> <span class='ocrx_word' id='word_1_177' title='bbox 579 1329 729 1359; x_wconf 71' lang='lat' dir='ltr'>Orestem</span> <span class='ocrx_word' id='word_1_178' title='bbox 750 1327 934 1368; x_wconf 72' lang='lat' dir='ltr'>peruenias</span> <span class='ocrx_word' id='word_1_179' title='bbox 953 1327 1125 1369; x_wconf 74' lang='lat' dir='ltr'>profectus</span> <span class='ocrx_word' id='word_1_180' title='bbox 1148 1338 1171 1359; x_wconf 87' lang='lat' dir='ltr'>a</span> <span class='ocrx_word' id='word_1_181' title='bbox 1200 1328 1344 1366; x_wconf 74' lang='lat' dir='ltr'>&#39;l&#39;lze8e03</span> <span class='ocrx_word' id='word_1_182' title='bbox 1368 1328 1518 1360; x_wconf 88' lang='lat' dir='ltr'>ulterius</span> <span class='ocrx_word' id='word_1_183' title='bbox 1539 1327 1796 1370; x_wconf 84' lang='lat' dir='ltr'>progrediendo</span> 
     </span>
     <span class='ocr_line' id='line_1_19' title="bbox 250 1377 1796 1421; baseline 0.002 -12"><span class='ocrx_word' id='word_1_184' title='bbox 250 1377 462 1410; x_wconf 74' lang='lat' dir='ltr'>Plutarchus</span> <span class='ocrx_word' id='word_1_185' title='bbox 479 1378 522 1410; x_wconf 87' lang='lat' dir='ltr'>de</span> <span class='ocrx_word' id='word_1_186' title='bbox 538 1379 638 1410; x_wconf 89' lang='lat' dir='ltr'>amic.</span> <span class='ocrx_word' id='word_1_187' title='bbox 655 1379 755 1411; x_wconf 90' lang='lat' dir='ltr'>mult.</span> <span class='ocrx_word' id='word_1_188' title='bbox 775 1379 796 1410; x_wconf 92' lang='grc'>2</span> <span class='ocrx_word' id='word_1_189' title='bbox 812 1379 966 1421; x_wconf 86' lang='lat' dir='ltr'>quinque</span> <span class='ocrx_word' id='word_1_190' title='bbox 983 1380 1119 1421; x_wconf 81' lang='lat' dir='ltr'>parium</span> <span class='ocrx_word' id='word_1_191' title='bbox 1136 1389 1305 1411; x_wconf 81' lang='lat' dir='ltr'>summam</span> <span class='ocrx_word' id='word_1_192' title='bbox 1323 1379 1474 1412; x_wconf 89' lang='lat' dir='ltr'>confecit</span> <span class='ocrx_word' id='word_1_193' title='bbox 1561 1379 1709 1411; x_wconf 86' lang='lat'>583-585</span> <span class='ocrx_word' id='word_1_194' title='bbox 1725 1390 1796 1412; x_wconf 88' lang='lat' dir='ltr'>non</span> 
     </span>
     <span class='ocr_line' id='line_1_20' title="bbox 250 1429 1795 1473; baseline 0.001 -13"><span class='ocrx_word' id='word_1_195' title='bbox 250 1433 323 1460; x_wconf 79' lang='lat' dir='ltr'>tam</span> <span class='ocrx_word' id='word_1_196' title='bbox 340 1429 385 1460; x_wconf 89' lang='lat' dir='ltr'>ad</span> <span class='ocrx_word' id='word_1_197' title='bbox 400 1429 650 1471; x_wconf 74' lang='lat' dir='ltr'>praecedentia</span> <span class='ocrx_word' id='word_1_198' title='bbox 665 1433 830 1472; x_wconf 85' lang='lat' dir='ltr'>spectant</span> <span class='ocrx_word' id='word_1_199' title='bbox 845 1431 972 1472; x_wconf 85' lang='lat' dir='ltr'>(neque</span> <span class='ocrx_word' id='word_1_200' title='bbox 988 1431 1092 1469; x_wconf 88' lang='lat' dir='ltr'>enim,</span> <span class='ocrx_word' id='word_1_201' title='bbox 1108 1430 1138 1462; x_wconf 89' lang='lat' dir='ltr'>si</span> <span class='ocrx_word' id='word_1_202' title='bbox 1153 1430 1236 1462; x_wconf 90' lang='lat' dir='ltr'>solis</span> <span class='ocrx_word' id='word_1_203' title='bbox 1253 1430 1398 1462; x_wconf 84' lang='lat' dir='ltr'>Orestae</span> <span class='ocrx_word' id='word_1_204' title='bbox 1410 1430 1606 1473; x_wconf 85' lang='lat' dir='ltr'>Pyladique</span> <span class='ocrx_word' id='word_1_205' title='bbox 1618 1433 1795 1463; x_wconf 90' lang='lat' dir='ltr'>certamen</span> 
     </span>
     <span class='ocr_line' id='line_1_21' title="bbox 249 1479 1796 1522; baseline 0.002 -11"><span class='ocrx_word' id='word_1_206' title='bbox 249 1479 387 1519; x_wconf 75' lang='lat' dir='ltr'>incidit,</span> <span class='ocrx_word' id='word_1_207' title='bbox 417 1486 498 1512; x_wconf 88' lang='lat' dir='ltr'>uter</span> <span class='ocrx_word' id='word_1_208' title='bbox 524 1491 588 1522; x_wconf 88' lang='lat' dir='ltr'>pro</span> <span class='ocrx_word' id='word_1_209' title='bbox 615 1481 727 1513; x_wconf 86' lang='lat' dir='ltr'>altero</span> <span class='ocrx_word' id='word_1_210' title='bbox 755 1486 961 1520; x_wconf 84' lang='lat' dir='ltr'>moreretur,</span> <span class='ocrx_word' id='word_1_211' title='bbox 991 1481 1072 1513; x_wconf 86' lang='lat' dir='ltr'>inde</span> <span class='ocrx_word' id='word_1_212' title='bbox 1100 1481 1252 1513; x_wconf 87' lang='lat' dir='ltr'>efficitur</span> <span class='ocrx_word' id='word_1_213' title='bbox 1278 1492 1394 1513; x_wconf 89' lang='lat' dir='ltr'>raram</span> <span class='ocrx_word' id='word_1_214' title='bbox 1423 1492 1498 1514; x_wconf 90' lang='lat' dir='ltr'>esse</span> <span class='ocrx_word' id='word_1_215' title='bbox 1523 1482 1726 1521; x_wconf 83' lang='lat' dir='ltr'>amicitiam,</span> <span class='ocrx_word' id='word_1_216' title='bbox 1753 1485 1796 1514; x_wconf 86' lang='lat' dir='ltr'>ut</span> 
     </span>
     <span class='ocr_line' id='line_1_22' title="bbox 250 1531 1792 1576; baseline 0.002 -14"><span class='ocrx_word' id='word_1_217' title='bbox 250 1531 405 1563; x_wconf 77' lang='lat' dir='ltr'>Theseus</span> <span class='ocrx_word' id='word_1_218' title='bbox 428 1534 465 1563; x_wconf 87' lang='lat' dir='ltr'>et</span> <span class='ocrx_word' id='word_1_219' title='bbox 489 1532 680 1571; x_wconf 85' lang='lat' dir='ltr'>Pirithous,</span> <span class='ocrx_word' id='word_1_220' title='bbox 699 1533 858 1564; x_wconf 89' lang='lat' dir='ltr'>Achilles</span> <span class='ocrx_word' id='word_1_221' title='bbox 882 1536 917 1565; x_wconf 87' lang='lat' dir='ltr'>et</span> <span class='ocrx_word' id='word_1_222' title='bbox 944 1533 1137 1571; x_wconf 83' lang='lat' dir='ltr'>Patroclus,</span> <span class='ocrx_word' id='word_1_223' title='bbox 1157 1533 1277 1572; x_wconf 86' lang='lat' dir='ltr'>ceteri,</span> <span class='ocrx_word' id='word_1_224' title='bbox 1299 1533 1427 1574; x_wconf 86' lang='lat' dir='ltr'>quibus</span> <span class='ocrx_word' id='word_1_225' title='bbox 1450 1533 1515 1565; x_wconf 92' lang='lat' dir='ltr'>hoc</span> <span class='ocrx_word' id='word_1_226' title='bbox 1538 1544 1608 1565; x_wconf 88' lang='lat' dir='ltr'>non</span> <span class='ocrx_word' id='word_1_227' title='bbox 1630 1534 1792 1576; x_wconf 85' lang='lat' dir='ltr'>contigit,</span> 
     </span>
     <span class='ocr_line' id='line_1_23' title="bbox 250 1583 1792 1626; baseline 0.002 -12"><span class='ocrx_word' id='word_1_228' title='bbox 250 1586 437 1624; x_wconf 84' lang='lat' dir='ltr'>propterea</span> <span class='ocrx_word' id='word_1_229' title='bbox 468 1584 571 1615; x_wconf 84' lang='lat' dir='ltr'>amici</span> <span class='ocrx_word' id='word_1_230' title='bbox 601 1594 672 1615; x_wconf 90' lang='lat' dir='ltr'>non</span> <span class='ocrx_word' id='word_1_231' title='bbox 703 1584 864 1623; x_wconf 78' lang='lat' dir='ltr'>fuerint),</span> <span class='ocrx_word' id='word_1_232' title='bbox 891 1583 953 1615; x_wconf 88' lang='lat' dir='ltr'>sed</span> <span class='ocrx_word' id='word_1_233' title='bbox 984 1584 1073 1616; x_wconf 90' lang='lat' dir='ltr'>illud</span> <span class='ocrx_word' id='word_1_234' title='bbox 1099 1584 1340 1626; x_wconf 84' lang='lat' dir='ltr'>comprobant,</span> <span class='ocrx_word' id='word_1_235' title='bbox 1367 1584 1461 1626; x_wconf 89' lang='lat' dir='ltr'>quod</span> <span class='ocrx_word' id='word_1_236' title='bbox 1491 1595 1524 1617; x_wconf 90' lang='lat' dir='ltr'>u.</span> <span class='ocrx_word' id='word_1_237' title='bbox 1553 1585 1615 1617; x_wconf 89' lang='lat'>591</span> <span class='ocrx_word' id='word_1_238' title='bbox 1642 1584 1792 1624; x_wconf 84' lang='lat' dir='ltr'>dicetur,</span> 
     </span>
     <span class='ocr_line' id='line_1_24' title="bbox 250 1633 1795 1678; baseline 0.002 -13"><span class='ocrx_word' id='word_1_239' title='bbox 250 1633 456 1673; x_wconf 84' lang='lat' dir='ltr'>Fortunam,</span> <span class='ocrx_word' id='word_1_240' title='bbox 472 1636 633 1676; x_wconf 85' lang='lat' dir='ltr'>quamuis</span> <span class='ocrx_word' id='word_1_241' title='bbox 648 1645 711 1677; x_wconf 88' lang='lat' dir='ltr'>per</span> <span class='ocrx_word' id='word_1_242' title='bbox 727 1638 783 1666; x_wconf 88' lang='lat' dir='ltr'>tot</span> <span class='ocrx_word' id='word_1_243' title='bbox 799 1645 908 1667; x_wconf 85' lang='lat' dir='ltr'>annos</span> <span class='ocrx_word' id='word_1_244' title='bbox 924 1635 1126 1668; x_wconf 81' lang='lat' dir='ltr'>calamitate</span> <span class='ocrx_word' id='word_1_245' title='bbox 1143 1639 1322 1678; x_wconf 84' lang='lat' dir='ltr'>tamquam</span> <span class='ocrx_word' id='word_1_246' title='bbox 1339 1635 1484 1668; x_wconf 87' lang='lat' dir='ltr'>obrussa</span> <span class='ocrx_word' id='word_1_247' title='bbox 1499 1635 1659 1668; x_wconf 87' lang='lat' dir='ltr'>adhibita</span> <span class='ocrx_word' id='word_1_248' title='bbox 1675 1646 1795 1668; x_wconf 89' lang='lat' dir='ltr'>ueram</span> 
     </span>
     <span class='ocr_line' id='line_1_25' title="bbox 249 1685 1794 1729; baseline 0.003 -14"><span class='ocrx_word' id='word_1_249' title='bbox 249 1685 441 1717; x_wconf 84' lang='lat' dir='ltr'>amicitiam</span> <span class='ocrx_word' id='word_1_250' title='bbox 467 1686 639 1727; x_wconf 78' lang='lat' dir='ltr'>exquirat,</span> <span class='ocrx_word' id='word_1_251' title='bbox 668 1686 729 1718; x_wconf 86' lang='lat' dir='ltr'>uix</span> <span class='ocrx_word' id='word_1_252' title='bbox 755 1697 902 1728; x_wconf 84' lang='lat' dir='ltr'>usquam</span> <span class='ocrx_word' id='word_1_253' title='bbox 927 1687 1096 1718; x_wconf 84' lang='lat' dir='ltr'>inuenire.</span> <span class='ocrx_word' id='word_1_254' title='bbox 1146 1687 1267 1729; x_wconf 88' lang='lat' dir='ltr'>itaque</span> <span class='ocrx_word' id='word_1_255' title='bbox 1294 1687 1388 1718; x_wconf 89' lang='lat' dir='ltr'>haud</span> <span class='ocrx_word' id='word_1_256' title='bbox 1413 1688 1484 1719; x_wconf 90' lang='lat' dir='ltr'>scio</span> <span class='ocrx_word' id='word_1_257' title='bbox 1509 1698 1553 1719; x_wconf 89' lang='lat' dir='ltr'>an</span> <span class='ocrx_word' id='word_1_258' title='bbox 1579 1687 1725 1719; x_wconf 86' lang='lat' dir='ltr'>librario</span> <span class='ocrx_word' id='word_1_259' title='bbox 1750 1688 1794 1719; x_wconf 81' lang='lat' dir='ltr'>ab</span> 
     </span>
     <span class='ocr_line' id='line_1_26' title="bbox 250 1737 1796 1779; baseline 0.002 -12"><span class='ocrx_word' id='word_1_260' title='bbox 250 1746 414 1777; x_wconf 76' lang='lat' dir='ltr'>umquam</span> <span class='ocrx_word' id='word_1_261' title='bbox 430 1737 494 1769; x_wconf 88' lang='grc'>582</span> <span class='ocrx_word' id='word_1_262' title='bbox 509 1737 554 1769; x_wconf 89' lang='lat' dir='ltr'>ad</span> <span class='ocrx_word' id='word_1_263' title='bbox 570 1748 716 1778; x_wconf 75' lang='lat' dir='ltr'>usquam</span> <span class='ocrx_word' id='word_1_264' title='bbox 731 1738 792 1770; x_wconf 80' lang='lat'>591</span> <span class='ocrx_word' id='word_1_265' title='bbox 807 1738 950 1779; x_wconf 81' lang='lat' dir='ltr'>delapso</span> <span class='ocrx_word' id='word_1_266' title='bbox 966 1742 1039 1770; x_wconf 87' lang='lat' dir='ltr'>tres</span> <span class='ocrx_word' id='word_1_267' title='bbox 1055 1738 1107 1770; x_wconf 91' lang='lat' dir='ltr'>illi</span> <span class='ocrx_word' id='word_1_268' title='bbox 1123 1749 1246 1770; x_wconf 84' lang='lat' dir='ltr'>uersus</span> <span class='ocrx_word' id='word_1_269' title='bbox 1261 1739 1409 1770; x_wconf 84' lang='lat'>589-591</span> <span class='ocrx_word' id='word_1_270' title='bbox 1427 1742 1510 1770; x_wconf 87' lang='lat' dir='ltr'>ante</span> <span class='ocrx_word' id='word_1_271' title='bbox 1523 1739 1586 1771; x_wconf 88' lang='grc'>583</span> <span class='ocrx_word' id='word_1_272' title='bbox 1599 1738 1796 1770; x_wconf 87' lang='lat' dir='ltr'>exciderint</span> 
     </span>
     <span class='ocr_line' id='line_1_27' title="bbox 248 1787 1795 1832; baseline 0.003 -14"><span class='ocrx_word' id='word_1_273' title='bbox 248 1792 286 1818; x_wconf 88' lang='lat' dir='ltr'>et</span> <span class='ocrx_word' id='word_1_274' title='bbox 311 1787 360 1819; x_wconf 91' lang='lat' dir='ltr'>ibi</span> <span class='ocrx_word' id='word_1_275' title='bbox 384 1788 575 1830; x_wconf 88' lang='lat' dir='ltr'>reponendi</span> <span class='ocrx_word' id='word_1_276' title='bbox 599 1790 670 1821; x_wconf 90' lang='lat' dir='ltr'>sint</span> <span class='ocrx_word' id='word_1_277' title='bbox 759 1789 821 1820; x_wconf 87' lang='lat'>583</span> <span class='ocrx_word' id='word_1_278' title='bbox 845 1793 923 1821; x_wconf 82' lang='lat' dir='ltr'>erat</span> <span class='ocrx_word' id='word_1_279' title='bbox 945 1789 1047 1821; x_wconf 65' lang='lat' dir='ltr'>Voss</span> <span class='ocrx_word' id='word_1_280' title='bbox 1074 1790 1150 1829; x_wconf 87' lang='lat'>390,</span> <span class='ocrx_word' id='word_1_281' title='bbox 1175 1793 1245 1821; x_wconf 83' lang='lat' dir='ltr'>erit</span> <span class='ocrx_word' id='word_1_282' title='bbox 1267 1793 1362 1829; x_wconf 65' lang='grc' dir='ltr'>ΘΒΜ,</span> <span class='ocrx_word' id='word_1_283' title='bbox 1383 1800 1488 1832; x_wconf 90' lang='lat' dir='ltr'>quem</span> <span class='ocrx_word' id='word_1_284' title='bbox 1510 1790 1751 1822; x_wconf 86' lang='lat' dir='ltr'>soloecismum</span> <span class='ocrx_word' id='word_1_285' title='bbox 1775 1801 1795 1822; x_wconf 88' lang='lat' dir='ltr'>a.</span> 
     </span>
     <span class='ocr_line' id='line_1_28' title="bbox 251 1838 1794 1882; baseline 0.003 -13"><span class='ocrx_word' id='word_1_286' title='bbox 251 1838 346 1880; x_wconf 69' lang='lat' dir='ltr'>Fayo</span> <span class='ocrx_word' id='word_1_287' title='bbox 369 1839 546 1871; x_wconf 85' lang='lat' dir='ltr'>sublatum</span> <span class='ocrx_word' id='word_1_288' title='bbox 569 1840 712 1872; x_wconf 81' lang='lat' dir='ltr'>reduxit</span> <span class='ocrx_word' id='word_1_289' title='bbox 734 1840 926 1873; x_wconf 85' lang='lat' dir='ltr'>Bechertus</span> <span class='ocrx_word' id='word_1_290' title='bbox 1016 1840 1080 1871; x_wconf 85' lang='lat'>584</span> <span class='ocrx_word' id='word_1_291' title='bbox 1101 1843 1147 1872; x_wconf 85' lang='lat' dir='ltr'>lis</span> <span class='ocrx_word' id='word_1_292' title='bbox 1168 1851 1274 1882; x_wconf 87' lang='lat' dir='ltr'>supra</span> <span class='ocrx_word' id='word_1_293' title='bbox 1296 1852 1360 1873; x_wconf 90' lang='lat' dir='ltr'>scr.</span> <span class='ocrx_word' id='word_1_294' title='bbox 1384 1852 1475 1873; x_wconf 77' lang='lat' dir='ltr'>man.</span> <span class='ocrx_word' id='word_1_295' title='bbox 1503 1843 1518 1873; x_wconf 94' lang='grc'>1</span> <span class='ocrx_word' id='word_1_296' title='bbox 1542 1844 1579 1880; x_wconf 83' lang='lat' dir='ltr'>G,</span> <span class='ocrx_word' id='word_1_297' title='bbox 1598 1844 1689 1874; x_wconf 79' lang='lat' dir='ltr'>leuis</span> <span class='ocrx_word' id='word_1_298' title='bbox 1709 1845 1794 1873; x_wconf 79' lang='lat' dir='ltr'>GLM</span> 
     </span>
     <span class='ocr_line' id='line_1_29' title="bbox 250 1890 1792 1931; baseline 0.003 -10"><span class='ocrx_word' id='word_1_299' title='bbox 250 1890 439 1923; x_wconf 81' lang='lat' dir='ltr'>inducente</span> <span class='ocrx_word' id='word_1_300' title='bbox 462 1891 612 1923; x_wconf 85' lang='lat' dir='ltr'>fortasse</span> <span class='ocrx_word' id='word_1_301' title='bbox 636 1891 722 1924; x_wconf 90' lang='lat' dir='ltr'>Hor.</span> <span class='ocrx_word' id='word_1_302' title='bbox 743 1902 848 1923; x_wconf 86' lang='lat' dir='ltr'>carm.</span> <span class='ocrx_word' id='word_1_303' title='bbox 869 1901 914 1923; x_wconf 92' lang='lat'>111</span> <span class='ocrx_word' id='word_1_304' title='bbox 938 1892 980 1927; x_wconf 85' lang='grc'>27</span> <span class='ocrx_word' id='word_1_305' title='bbox 1001 1893 1042 1926; x_wconf 90' lang='grc'>37</span> <span class='ocrx_word' id='word_1_306' title='bbox 1062 1892 1147 1924; x_wconf 71' lang='lat' dir='ltr'>leuis</span> <span class='ocrx_word' id='word_1_307' title='bbox 1165 1903 1236 1924; x_wconf 76' lang='lat' dir='ltr'>una</span> <span class='ocrx_word' id='word_1_308' title='bbox 1254 1903 1345 1925; x_wconf 83' lang='lat' dir='ltr'>mors</span> <span class='ocrx_word' id='word_1_309' title='bbox 1364 1897 1410 1924; x_wconf 74' lang='lat' dir='ltr'>est</span> <span class='ocrx_word' id='word_1_310' title='bbox 1498 1897 1641 1925; x_wconf 81' lang='lat'>586-588</span> <span class='ocrx_word' id='word_1_311' title='bbox 1664 1892 1792 1931; x_wconf 90' lang='lat' dir='ltr'>deleui,</span> 
     </span>
     <span class='ocr_line' id='line_1_30' title="bbox 248 1941 1791 1986; baseline 0.003 -15"><span class='ocrx_word' id='word_1_312' title='bbox 248 1941 457 1982; x_wconf 85' lang='lat' dir='ltr'>quibuscum</span> <span class='ocrx_word' id='word_1_313' title='bbox 475 1953 543 1974; x_wconf 88' lang='lat' dir='ltr'>una</span> <span class='ocrx_word' id='word_1_314' title='bbox 559 1944 667 1975; x_wconf 84' lang='lat'>583-5</span> <span class='ocrx_word' id='word_1_315' title='bbox 684 1947 720 1975; x_wconf 86' lang='lat' dir='ltr'>et</span> <span class='ocrx_word' id='word_1_316' title='bbox 736 1944 865 1976; x_wconf 76' lang='lat'>589-94</span> <span class='ocrx_word' id='word_1_317' title='bbox 882 1943 1048 1975; x_wconf 84' lang='lat' dir='ltr'>delendos</span> <span class='ocrx_word' id='word_1_318' title='bbox 1065 1943 1279 1986; x_wconf 86' lang='lat' dir='ltr'>significauit</span> <span class='ocrx_word' id='word_1_319' title='bbox 1297 1954 1492 1985; x_wconf 83' lang='lat' dir='ltr'>anonymus</span> <span class='ocrx_word' id='word_1_320' title='bbox 1509 1944 1576 1976; x_wconf 88' lang='lat' dir='ltr'>Ell.</span> <span class='ocrx_word' id='word_1_321' title='bbox 1591 1948 1683 1976; x_wconf 87' lang='lat' dir='ltr'>noct.</span> <span class='ocrx_word' id='word_1_322' title='bbox 1696 1944 1791 1976; x_wconf 85' lang='lat' dir='ltr'>Man.</span> 
     </span>
     <span class='ocr_line' id='line_1_31' title="bbox 251 1993 1797 2037; baseline 0.002 -13"><span class='ocrx_word' id='word_1_323' title='bbox 251 2003 284 2034; x_wconf 90' lang='lat' dir='ltr'>p.</span> <span class='ocrx_word' id='word_1_324' title='bbox 296 1993 369 2025; x_wconf 82' lang='grc'>214.</span> <span class='ocrx_word' id='word_1_325' title='bbox 409 1993 577 2026; x_wconf 85' lang='lat' dir='ltr'>Damonis</span> <span class='ocrx_word' id='word_1_326' title='bbox 590 1997 626 2026; x_wconf 87' lang='lat' dir='ltr'>et</span> <span class='ocrx_word' id='word_1_327' title='bbox 637 1994 802 2026; x_wconf 89' lang='lat' dir='ltr'>Phintiae</span> <span class='ocrx_word' id='word_1_328' title='bbox 815 2006 892 2026; x_wconf 87' lang='lat' dir='ltr'>cum</span> <span class='ocrx_word' id='word_1_329' title='bbox 904 1997 1010 2037; x_wconf 86' lang='lat' dir='ltr'>poeta</span> <span class='ocrx_word' id='word_1_330' title='bbox 1020 1995 1199 2027; x_wconf 85' lang='lat' dir='ltr'>commode</span> <span class='ocrx_word' id='word_1_331' title='bbox 1211 1995 1343 2027; x_wconf 88' lang='lat' dir='ltr'>oblitus</span> <span class='ocrx_word' id='word_1_332' title='bbox 1353 1998 1455 2034; x_wconf 89' lang='lat' dir='ltr'>esset,</span> <span class='ocrx_word' id='word_1_333' title='bbox 1469 1996 1579 2027; x_wconf 88' lang='lat' dir='ltr'>stulte</span> <span class='ocrx_word' id='word_1_334' title='bbox 1589 1996 1797 2028; x_wconf 82' lang='lat' dir='ltr'>meminerat</span> 
     </span>
     <span class='ocr_line' id='line_1_32' title="bbox 250 2044 1795 2089; baseline 0.003 -14"><span class='ocrx_word' id='word_1_335' title='bbox 250 2044 506 2086; x_wconf 79' lang='lat' dir='ltr'>interpolator;</span> <span class='ocrx_word' id='word_1_336' title='bbox 531 2047 591 2087; x_wconf 86' lang='lat' dir='ltr'>qui</span> <span class='ocrx_word' id='word_1_337' title='bbox 615 2046 784 2078; x_wconf 81' lang='lat' dir='ltr'>historiae</span> <span class='ocrx_word' id='word_1_338' title='bbox 803 2057 1007 2078; x_wconf 82' lang='lat' dir='ltr'>succurrere</span> <span class='ocrx_word' id='word_1_339' title='bbox 1023 2050 1211 2078; x_wconf 89' lang='lat' dir='ltr'>contentus</span> <span class='ocrx_word' id='word_1_340' title='bbox 1229 2048 1399 2078; x_wconf 89' lang='lat' dir='ltr'>sermonis</span> <span class='ocrx_word' id='word_1_341' title='bbox 1415 2047 1633 2089; x_wconf 82' lang='lat' dir='ltr'>complexum</span> <span class='ocrx_word' id='word_1_342' title='bbox 1657 2051 1795 2079; x_wconf 83' lang='lat' dir='ltr'>senten—</span> 
     </span>
     <span class='ocr_line' id='line_1_33' title="bbox 251 2096 1796 2141; baseline 0.003 -15"><span class='ocrx_word' id='word_1_343' title='bbox 251 2096 450 2138; x_wconf 79' lang='lat' dir='ltr'>tiarumque</span> <span class='ocrx_word' id='word_1_344' title='bbox 482 2098 655 2129; x_wconf 86' lang='lat' dir='ltr'>rationem</span> <span class='ocrx_word' id='word_1_345' title='bbox 687 2097 774 2129; x_wconf 84' lang='lat' dir='ltr'>adeo</span> <span class='ocrx_word' id='word_1_346' title='bbox 804 2109 874 2129; x_wconf 92' lang='lat' dir='ltr'>non</span> <span class='ocrx_word' id='word_1_347' title='bbox 906 2099 1046 2130; x_wconf 90' lang='lat' dir='ltr'>curauit</span> <span class='ocrx_word' id='word_1_348' title='bbox 1076 2103 1118 2130; x_wconf 89' lang='lat' dir='ltr'>ut</span> <span class='ocrx_word' id='word_1_349' title='bbox 1147 2099 1398 2130; x_wconf 89' lang='lat' dir='ltr'>correctionem</span> <span class='ocrx_word' id='word_1_350' title='bbox 1427 2109 1491 2140; x_wconf 86' lang='lat' dir='ltr'>per</span> <span class='ocrx_word' id='word_1_351' title='bbox 1521 2103 1550 2130; x_wconf 77' lang='lat' dir='ltr'>et</span> <span class='ocrx_word' id='word_1_352' title='bbox 1587 2099 1796 2141; x_wconf 85' lang='lat' dir='ltr'>particulam</span> 
     </span>
     <span class='ocr_line' id='line_1_34' title="bbox 251 2146 1793 2192; baseline 0.003 -14"><span class='ocrx_word' id='word_1_353' title='bbox 251 2146 456 2180; x_wconf 79' lang='lat' dir='ltr'>adnecteret</span> <span class='ocrx_word' id='word_1_354' title='bbox 472 2158 585 2190; x_wconf 88' lang='lat' dir='ltr'>neque</span> <span class='ocrx_word' id='word_1_355' title='bbox 603 2149 670 2181; x_wconf 88' lang='lat' dir='ltr'>sibi</span> <span class='ocrx_word' id='word_1_356' title='bbox 692 2149 814 2181; x_wconf 83' lang='lat' dir='ltr'>eadem</span> <span class='ocrx_word' id='word_1_357' title='bbox 830 2159 937 2191; x_wconf 86' lang='lat' dir='ltr'>opera</span> <span class='ocrx_word' id='word_1_358' title='bbox 955 2149 1166 2181; x_wconf 78' lang='lat' dir='ltr'>mutandum</span> <span class='ocrx_word' id='word_1_359' title='bbox 1182 2160 1256 2182; x_wconf 89' lang='lat' dir='ltr'>esse</span> <span class='ocrx_word' id='word_1_360' title='bbox 1275 2151 1424 2182; x_wconf 87' lang='lat' dir='ltr'>sentiret</span> <span class='ocrx_word' id='word_1_361' title='bbox 1446 2153 1502 2182; x_wconf 88' lang='lat' dir='ltr'>ter</span> <span class='ocrx_word' id='word_1_362' title='bbox 1523 2151 1679 2192; x_wconf 77' lang='lat' dir='ltr'>positum</span> <span class='ocrx_word' id='word_1_363' title='bbox 1694 2160 1793 2189; x_wconf 65' lang='lat' dir='ltr'>umas,</span> 
     </span>
     <span class='ocr_line' id='line_1_35' title="bbox 251 2200 1796 2243; baseline 0.003 -14"><span class='ocrx_word' id='word_1_364' title='bbox 251 2201 327 2229; x_wconf 85' lang='lat' dir='ltr'>tum</span> <span class='ocrx_word' id='word_1_365' title='bbox 367 2210 423 2231; x_wconf 88' lang='lat' dir='ltr'>uu.</span> <span class='ocrx_word' id='word_1_366' title='bbox 460 2200 522 2234; x_wconf 79' lang='lat'>587</span> <span class='ocrx_word' id='word_1_367' title='bbox 554 2210 606 2242; x_wconf 86' lang='lat' dir='ltr'>sq.</span> <span class='ocrx_word' id='word_1_368' title='bbox 641 2211 661 2232; x_wconf 89' lang='lat' dir='ltr'>a</span> <span class='ocrx_word' id='word_1_369' title='bbox 697 2205 821 2242; x_wconf 80' lang='lat' dir='ltr'>poetae</span> <span class='ocrx_word' id='word_1_370' title='bbox 860 2200 1005 2232; x_wconf 87' lang='lat' dir='ltr'>consilio</span> <span class='ocrx_word' id='word_1_371' title='bbox 1042 2200 1220 2240; x_wconf 86' lang='lat' dir='ltr'>aberrans,</span> <span class='ocrx_word' id='word_1_372' title='bbox 1253 2202 1314 2243; x_wconf 89' lang='lat' dir='ltr'>qui</span> <span class='ocrx_word' id='word_1_373' title='bbox 1351 2201 1568 2243; x_wconf 85' lang='lat' dir='ltr'>paucitatem</span> <span class='ocrx_word' id='word_1_374' title='bbox 1605 2201 1796 2234; x_wconf 88' lang='lat' dir='ltr'>amicorum</span> 
     </span>
     <span class='ocr_line' id='line_1_36' title="bbox 249 2249 1795 2294; baseline 0.003 -13"><span class='ocrx_word' id='word_1_375' title='bbox 249 2249 483 2288; x_wconf 82' lang='lat' dir='ltr'>demonstrat,</span> <span class='ocrx_word' id='word_1_376' title='bbox 517 2251 554 2283; x_wconf 89' lang='lat' dir='ltr'>in</span> <span class='ocrx_word' id='word_1_377' title='bbox 591 2251 716 2283; x_wconf 85' lang='lat' dir='ltr'>laudes</span> <span class='ocrx_word' id='word_1_378' title='bbox 754 2251 904 2284; x_wconf 88' lang='lat' dir='ltr'>duorum</span> <span class='ocrx_word' id='word_1_379' title='bbox 944 2252 1247 2294; x_wconf 82' lang='lat' dir='ltr'>Pythagoreorum</span> <span class='ocrx_word' id='word_1_380' title='bbox 1284 2252 1545 2285; x_wconf 84' lang='lat' dir='ltr'>effunderetur:</span> <span class='ocrx_word' id='word_1_381' title='bbox 1585 2252 1640 2285; x_wconf 85' lang='lat' dir='ltr'>his</span> <span class='ocrx_word' id='word_1_382' title='bbox 1677 2258 1795 2285; x_wconf 88' lang='lat' dir='ltr'>autem</span> 
     </span>
     <span class='ocr_line' id='line_1_37' title="bbox 251 2301 1796 2346; baseline 0.003 -14"><span class='ocrx_word' id='word_1_383' title='bbox 251 2301 425 2333; x_wconf 82' lang='lat' dir='ltr'>subicitur</span> <span class='ocrx_word' id='word_1_384' title='bbox 449 2313 593 2344; x_wconf 71' lang='lat' dir='ltr'>perque</span> <span class='ocrx_word' id='word_1_385' title='bbox 624 2308 670 2334; x_wconf 75' lang='lat' dir='ltr'>lot</span> <span class='ocrx_word' id='word_1_386' title='bbox 697 2308 823 2335; x_wconf 72' lang='lat' dir='ltr'>aetates</span> <span class='ocrx_word' id='word_1_387' title='bbox 840 2327 847 2335; x_wconf 91' lang='lat'>.</span> <span class='ocrx_word' id='word_1_388' title='bbox 869 2329 876 2335; x_wconf 95' lang='lat'>.</span> <span class='ocrx_word' id='word_1_389' title='bbox 899 2328 906 2336; x_wconf 90' lang='lat'><strong>.</strong></span> <span class='ocrx_word' id='word_1_390' title='bbox 925 2304 1081 2335; x_wconf 69' lang='lat' dir='ltr'>Fortuna</span> <span class='ocrx_word' id='word_1_391' title='bbox 1099 2303 1210 2344; x_wconf 81' lang='lat' dir='ltr'>fidem</span> <span class='ocrx_word' id='word_1_392' title='bbox 1226 2328 1234 2336; x_wconf 90' lang='lat'><strong><em>.</em></strong></span> <span class='ocrx_word' id='word_1_393' title='bbox 1255 2329 1263 2336; x_wconf 89' lang='lat'>.</span> <span class='ocrx_word' id='word_1_394' title='bbox 1284 2328 1292 2336; x_wconf 91' lang='lat'><strong>.</strong></span> <span class='ocrx_word' id='word_1_395' title='bbox 1312 2304 1374 2336; x_wconf 77' lang='lat' dir='ltr'>uix</span> <span class='ocrx_word' id='word_1_396' title='bbox 1404 2304 1533 2336; x_wconf 72' lang='lat' dir='ltr'>inuenit</span> <span class='ocrx_word' id='word_1_397' title='bbox 1554 2314 1709 2346; x_wconf 77' lang='lat' dir='ltr'>usquam.</span> <span class='ocrx_word' id='word_1_398' title='bbox 1759 2309 1796 2336; x_wconf 88' lang='lat' dir='ltr'>et</span> 
     </span>
     <span class='ocr_line' id='line_1_38' title="bbox 252 2352 1793 2398; baseline 0.002 -14"><span class='ocrx_word' id='word_1_399' title='bbox 252 2352 336 2384; x_wconf 83' lang='lat' dir='ltr'>haec</span> <span class='ocrx_word' id='word_1_400' title='bbox 354 2353 493 2385; x_wconf 80' lang='lat' dir='ltr'>Manilii</span> <span class='ocrx_word' id='word_1_401' title='bbox 509 2364 584 2386; x_wconf 82' lang='lat' dir='ltr'>csse</span> <span class='ocrx_word' id='word_1_402' title='bbox 600 2354 805 2393; x_wconf 83' lang='lat' dir='ltr'>creduntur,</span> <span class='ocrx_word' id='word_1_403' title='bbox 825 2366 915 2397; x_wconf 89' lang='lat' dir='ltr'>quae</span> <span class='ocrx_word' id='word_1_404' title='bbox 931 2355 1035 2387; x_wconf 89' lang='lat' dir='ltr'>unius</span> <span class='ocrx_word' id='word_1_405' title='bbox 1051 2355 1203 2387; x_wconf 87' lang='lat' dir='ltr'>hominis</span> <span class='ocrx_word' id='word_1_406' title='bbox 1219 2366 1293 2387; x_wconf 90' lang='lat' dir='ltr'>esse</span> <span class='ocrx_word' id='word_1_407' title='bbox 1308 2366 1378 2387; x_wconf 89' lang='lat' dir='ltr'>non</span> <span class='ocrx_word' id='word_1_408' title='bbox 1393 2359 1552 2397; x_wconf 85' lang='lat' dir='ltr'>possunt,</span> <span class='ocrx_word' id='word_1_409' title='bbox 1571 2355 1630 2398; x_wconf 87' lang='lat' dir='ltr'>qui</span> <span class='ocrx_word' id='word_1_410' title='bbox 1653 2355 1793 2397; x_wconf 87' lang='lat' dir='ltr'>quidem</span> 
     </span>
     <span class='ocr_line' id='line_1_39' title="bbox 252 2403 1792 2449; baseline 0.003 -15"><span class='ocrx_word' id='word_1_411' title='bbox 252 2403 476 2437; x_wconf 75' lang='lat' dir='ltr'>mediocriter</span> <span class='ocrx_word' id='word_1_412' title='bbox 489 2405 671 2438; x_wconf 85' lang='lat' dir='ltr'>insanierit</span> <span class='ocrx_word' id='word_1_413' title='bbox 759 2406 822 2437; x_wconf 87' lang='grc'>586</span> <span class='ocrx_word' id='word_1_414' title='bbox 838 2407 905 2439; x_wconf 77' lang='lat' dir='ltr'>(luo</span> <span class='ocrx_word' id='word_1_415' title='bbox 921 2406 1066 2438; x_wconf 83' lang='lat' dir='ltr'>fuerunt</span> <span class='ocrx_word' id='word_1_416' title='bbox 1078 2407 1138 2448; x_wconf 74' lang='lat' dir='ltr'>qui</span> <span class='ocrx_word' id='word_1_417' title='bbox 1148 2411 1290 2448; x_wconf 74' lang='lat' dir='ltr'>potuere</span> <span class='ocrx_word' id='word_1_418' title='bbox 1305 2407 1399 2448; x_wconf 74' lang='lat' dir='ltr'>sequi</span> <span class='ocrx_word' id='word_1_419' title='bbox 1411 2406 1558 2439; x_wconf 86' lang='lat' dir='ltr'>Oresten</span> <span class='ocrx_word' id='word_1_420' title='bbox 1571 2410 1607 2439; x_wconf 88' lang='lat' dir='ltr'>et</span> <span class='ocrx_word' id='word_1_421' title='bbox 1623 2407 1792 2449; x_wconf 87' lang='lat' dir='ltr'>Pyladen.</span> 
     </span>
     <span class='ocr_line' id='line_1_40' title="bbox 252 2455 1794 2501; baseline 0.003 -15"><span class='ocrx_word' id='word_1_422' title='bbox 252 2455 360 2487; x_wconf 86' lang='lat' dir='ltr'>uerba</span> <span class='ocrx_word' id='word_1_423' title='bbox 374 2456 436 2488; x_wconf 73' lang='lat' dir='ltr'>uix</span> <span class='ocrx_word' id='word_1_424' title='bbox 451 2456 556 2488; x_wconf 74' lang='lat' dir='ltr'>noxia</span> <span class='ocrx_word' id='word_1_425' title='bbox 567 2457 698 2498; x_wconf 71' lang='lat' dir='ltr'>poenis,</span> <span class='ocrx_word' id='word_1_426' title='bbox 714 2468 802 2500; x_wconf 85' lang='lat' dir='ltr'>quae</span> <span class='ocrx_word' id='word_1_427' title='bbox 819 2469 861 2489; x_wconf 81' lang='lat' dir='ltr'>ex</span> <span class='ocrx_word' id='word_1_428' title='bbox 880 2469 983 2490; x_wconf 89' lang='lat' dir='ltr'>uersu</span> <span class='ocrx_word' id='word_1_429' title='bbox 999 2458 1063 2491; x_wconf 91' lang='grc'>602</span> <span class='ocrx_word' id='word_1_430' title='bbox 1078 2461 1219 2500; x_wconf 86' lang='lat' dir='ltr'>sumpta</span> <span class='ocrx_word' id='word_1_431' title='bbox 1234 2469 1308 2490; x_wconf 87' lang='lat' dir='ltr'>esse</span> <span class='ocrx_word' id='word_1_432' title='bbox 1322 2458 1502 2490; x_wconf 86' lang='lat' dir='ltr'>Bentleius</span> <span class='ocrx_word' id='word_1_433' title='bbox 1517 2459 1715 2501; x_wconf 87' lang='lat' dir='ltr'>suspicatus</span> <span class='ocrx_word' id='word_1_434' title='bbox 1727 2463 1794 2497; x_wconf 85' lang='lat' dir='ltr'>est,</span> 
     </span>
     <span class='ocr_line' id='line_1_41' title="bbox 251 2507 1796 2550; baseline 0.003 -12"><span class='ocrx_word' id='word_1_435' title='bbox 251 2507 449 2549; x_wconf 85' lang='lat' dir='ltr'>corrigendi</span> <span class='ocrx_word' id='word_1_436' title='bbox 474 2508 778 2550; x_wconf 85' lang='lat' dir='ltr'>interpretandiue</span> <span class='ocrx_word' id='word_1_437' title='bbox 809 2514 956 2541; x_wconf 85' lang='lat' dir='ltr'>conatus</span> <span class='ocrx_word' id='word_1_438' title='bbox 986 2510 1157 2542; x_wconf 87' lang='lat' dir='ltr'>eiusmodi</span> <span class='ocrx_word' id='word_1_439' title='bbox 1187 2513 1271 2542; x_wconf 86' lang='lat' dir='ltr'>sunt</span> <span class='ocrx_word' id='word_1_440' title='bbox 1297 2513 1338 2542; x_wconf 90' lang='lat' dir='ltr'>ut</span> <span class='ocrx_word' id='word_1_441' title='bbox 1363 2509 1494 2542; x_wconf 82' lang='lat' dir='ltr'>adferri</span> <span class='ocrx_word' id='word_1_442' title='bbox 1520 2521 1590 2542; x_wconf 89' lang='lat' dir='ltr'>non</span> <span class='ocrx_word' id='word_1_443' title='bbox 1621 2509 1796 2542; x_wconf 78' lang='lat' dir='ltr'>debeant:</span> 
     </span>
     <span class='ocr_line' id='line_1_42' title="bbox 254 2559 1795 2604; baseline 0.003 -15"><span class='ocrx_word' id='word_1_444' title='bbox 254 2563 347 2590; x_wconf 85' lang='lat' dir='ltr'>recte</span> <span class='ocrx_word' id='word_1_445' title='bbox 371 2562 411 2590; x_wconf 89' lang='lat' dir='ltr'>ut</span> <span class='ocrx_word' id='word_1_446' title='bbox 435 2559 579 2591; x_wconf 87' lang='lat' dir='ltr'>uidetur</span> <span class='ocrx_word' id='word_1_447' title='bbox 602 2559 750 2592; x_wconf 85' lang='lat' dir='ltr'>Iacobus</span> <span class='ocrx_word' id='word_1_448' title='bbox 773 2571 913 2593; x_wconf 86' lang='lat' dir='ltr'>uersum</span> <span class='ocrx_word' id='word_1_449' title='bbox 937 2561 1108 2593; x_wconf 84' lang='lat' dir='ltr'>excidisse</span> <span class='ocrx_word' id='word_1_450' title='bbox 1129 2562 1270 2601; x_wconf 84' lang='lat' dir='ltr'>statuit,</span> <span class='ocrx_word' id='word_1_451' title='bbox 1288 2572 1500 2603; x_wconf 86' lang='lat' dir='ltr'>quamquam</span> <span class='ocrx_word' id='word_1_452' title='bbox 1518 2572 1562 2593; x_wconf 91' lang='lat' dir='ltr'>ne</span> <span class='ocrx_word' id='word_1_453' title='bbox 1582 2561 1632 2594; x_wconf 88' lang='lat' dir='ltr'>sic</span> <span class='ocrx_word' id='word_1_454' title='bbox 1654 2561 1795 2604; x_wconf 90' lang='lat' dir='ltr'>quidem</span> 
     </span>
     <span class='ocr_line' id='line_1_43' title="bbox 252 2610 1796 2655; baseline 0.003 -15"><span class='ocrx_word' id='word_1_455' title='bbox 252 2614 398 2651; x_wconf 80' lang='lat' dir='ltr'>apparet</span> <span class='ocrx_word' id='word_1_456' title='bbox 425 2610 510 2652; x_wconf 87' lang='lat' dir='ltr'>quid</span> <span class='ocrx_word' id='word_1_457' title='bbox 535 2611 606 2644; x_wconf 87' lang='lat' dir='ltr'>illis</span> <span class='ocrx_word' id='word_1_458' title='bbox 629 2611 743 2644; x_wconf 86' lang='lat' dir='ltr'>tribus</span> <span class='ocrx_word' id='word_1_459' title='bbox 766 2612 911 2644; x_wconf 83' lang='lat' dir='ltr'>uocibus</span> <span class='ocrx_word' id='word_1_460' title='bbox 934 2612 1133 2644; x_wconf 86' lang='lat' dir='ltr'>faciendum</span> <span class='ocrx_word' id='word_1_461' title='bbox 1157 2613 1206 2644; x_wconf 89' lang='lat' dir='ltr'>sit</span> <span class='ocrx_word' id='word_1_462' title='bbox 1292 2613 1354 2644; x_wconf 78' lang='lat'>587</span> <span class='ocrx_word' id='word_1_463' title='bbox 1377 2622 1477 2645; x_wconf 86' lang='lat' dir='ltr'>reum</span> <span class='ocrx_word' id='word_1_464' title='bbox 1499 2622 1648 2651; x_wconf 81' lang='lat' dir='ltr'>sponsor</span> <span class='ocrx_word' id='word_1_465' title='bbox 1672 2613 1796 2655; x_wconf 85' lang='lat' dir='ltr'>Regio-</span> 
     </span>
     <span class='ocr_line' id='line_1_44' title="bbox 253 2664 1793 2707; baseline 0.003 -16"><span class='ocrx_word' id='word_1_466' title='bbox 253 2665 450 2701; x_wconf 64' lang='lat' dir='ltr'>mmtanus,</span> <span class='ocrx_word' id='word_1_467' title='bbox 475 2672 594 2694; x_wconf 88' lang='lat' dir='ltr'>rerum</span> <span class='ocrx_word' id='word_1_468' title='bbox 619 2672 747 2701; x_wconf 86' lang='lat' dir='ltr'>sponso</span> <span class='ocrx_word' id='word_1_469' title='bbox 777 2667 821 2702; x_wconf 84' lang='lat' dir='ltr'>M,</span> <span class='ocrx_word' id='word_1_470' title='bbox 848 2672 949 2695; x_wconf 85' lang='lat' dir='ltr'>reum</span> <span class='ocrx_word' id='word_1_471' title='bbox 980 2673 1109 2703; x_wconf 83' lang='lat' dir='ltr'>sponso</span> <span class='ocrx_word' id='word_1_472' title='bbox 1140 2667 1190 2696; x_wconf 84' lang='lat' dir='ltr'>GL</span> <span class='ocrx_word' id='word_1_473' title='bbox 1277 2664 1339 2695; x_wconf 85' lang='grc'>588</span> <span class='ocrx_word' id='word_1_474' title='bbox 1369 2674 1452 2696; x_wconf 83' lang='lat' dir='ltr'>reus</span> <span class='ocrx_word' id='word_1_475' title='bbox 1482 2664 1793 2707; x_wconf 83' lang='lat' dir='ltr'>Regiomontanus‚</span> 
     </span>
     <span class='ocr_line' id='line_1_45' title="bbox 251 2712 1797 2758; baseline 0.003 -14"><span class='ocrx_word' id='word_1_476' title='bbox 251 2721 352 2744; x_wconf 81' lang='lat' dir='ltr'>rcum</span> <span class='ocrx_word' id='word_1_477' title='bbox 392 2712 484 2746; x_wconf 89' lang='lat' dir='ltr'>libri.</span> <span class='ocrx_word' id='word_1_478' title='bbox 544 2718 728 2755; x_wconf 82' lang='lat' dir='ltr'>praeterea</span> <span class='ocrx_word' id='word_1_479' title='bbox 764 2715 983 2756; x_wconf 71' lang='lat' dir='ltr'>spon-serique</span> <span class='ocrx_word' id='word_1_480' title='bbox 1022 2715 1226 2754; x_wconf 87' lang='lat' dir='ltr'>Bentleius;</span> <span class='ocrx_word' id='word_1_481' title='bbox 1264 2716 1323 2758; x_wconf 87' lang='lat' dir='ltr'>qui</span> <span class='ocrx_word' id='word_1_482' title='bbox 1361 2715 1456 2757; x_wconf 84' lang='lat' dir='ltr'>quod</span> <span class='ocrx_word' id='word_1_483' title='bbox 1493 2716 1580 2748; x_wconf 88' lang='lat' dir='ltr'>talia</span> <span class='ocrx_word' id='word_1_484' title='bbox 1609 2716 1712 2758; x_wconf 89' lang='lat' dir='ltr'>quale</span> <span class='ocrx_word' id='word_1_485' title='bbox 1743 2719 1797 2748; x_wconf 86' lang='lat' dir='ltr'>est</span> 
     </span>
     <span class='ocr_line' id='line_1_46' title="bbox 253 2763 1796 2809; baseline 0.003 -15"><span class='ocrx_word' id='word_1_486' title='bbox 253 2763 369 2796; x_wconf 86' lang='lat' dir='ltr'>Plaut.</span> <span class='ocrx_word' id='word_1_487' title='bbox 404 2764 480 2796; x_wconf 91' lang='lat' dir='ltr'>rud.</span> <span class='ocrx_word' id='word_1_488' title='bbox 515 2766 579 2797; x_wconf 81' lang='lat'>390</span> <span class='ocrx_word' id='word_1_489' title='bbox 613 2776 662 2807; x_wconf 87' lang='lat' dir='ltr'>sq.</span> <span class='ocrx_word' id='word_1_490' title='bbox 698 2777 774 2798; x_wconf 84' lang='lat' dir='ltr'>eam</span> <span class='ocrx_word' id='word_1_491' title='bbox 811 2771 957 2805; x_wconf 74' lang='lat' dir='ltr'>veretur,</span> <span class='ocrx_word' id='word_1_492' title='bbox 982 2766 986 2808; x_wconf 90' lang='grc' dir='ltr'>Ι</span> <span class='ocrx_word' id='word_1_493' title='bbox 1006 2777 1045 2798; x_wconf 77' lang='lat' dir='ltr'>ne</span> <span class='ocrx_word' id='word_1_494' title='bbox 1081 2767 1221 2807; x_wconf 77' lang='lat' dir='ltr'>perierit</span> <span class='ocrx_word' id='word_1_495' title='bbox 1256 2767 1351 2808; x_wconf 87' lang='lat' dir='ltr'>apud</span> <span class='ocrx_word' id='word_1_496' title='bbox 1388 2767 1554 2799; x_wconf 89' lang='lat' dir='ltr'>Terentio</span> <span class='ocrx_word' id='word_1_497' title='bbox 1585 2767 1796 2809; x_wconf 89' lang='lat' dir='ltr'>posteriores</span> 
     </span>
     <span class='ocr_line' id='line_1_47' title="bbox 254 2816 1798 2859; baseline 0.003 -13"><span class='ocrx_word' id='word_1_498' title='bbox 254 2819 360 2856; x_wconf 81' lang='lat' dir='ltr'>negat</span> <span class='ocrx_word' id='word_1_499' title='bbox 383 2816 540 2857; x_wconf 86' lang='lat' dir='ltr'>reperiri,</span> <span class='ocrx_word' id='word_1_500' title='bbox 563 2817 706 2858; x_wconf 88' lang='lat' dir='ltr'>scripsit</span> <span class='ocrx_word' id='word_1_501' title='bbox 729 2816 857 2849; x_wconf 77' lang='lat' dir='ltr'>Caesar</span> <span class='ocrx_word' id='word_1_502' title='bbox 880 2817 960 2850; x_wconf 72' lang='lat' dir='ltr'>b.(}.</span> <span class='ocrx_word' id='word_1_503' title='bbox 987 2826 999 2849; x_wconf 95' lang='lat'>1</span> <span class='ocrx_word' id='word_1_504' title='bbox 1021 2818 1063 2850; x_wconf 87' lang='lat'>39</span> <span class='ocrx_word' id='word_1_505' title='bbox 1079 2819 1099 2850; x_wconf 90' lang='grc'><strong>6</strong></span> <span class='ocrx_word' id='word_1_506' title='bbox 1122 2828 1177 2850; x_wconf 76' lang='lat' dir='ltr'>se.</span> <span class='ocrx_word' id='word_1_507' title='bbox 1200 2842 1207 2849; x_wconf 95' lang='lat'>.</span> <span class='ocrx_word' id='word_1_508' title='bbox 1229 2843 1236 2850; x_wconf 90' lang='lat'>.</span> <span class='ocrx_word' id='word_1_509' title='bbox 1256 2829 1328 2850; x_wconf 79' lang='lat' dir='ltr'>rem</span> <span class='ocrx_word' id='word_1_510' title='bbox 1341 2818 1629 2859; x_wconf 75' lang='lat' dir='ltr'>frumentariam,</span> <span class='ocrx_word' id='word_1_511' title='bbox 1650 2823 1687 2850; x_wconf 76' lang='lat' dir='ltr'>ut</span> <span class='ocrx_word' id='word_1_512' title='bbox 1712 2818 1798 2850; x_wconf 73' lang='lat' dir='ltr'>saci-3</span> 
     </span>
     <span class='ocr_line' id='line_1_48' title="bbox 253 2867 1795 2909; baseline 0.003 -12"><span class='ocrx_word' id='word_1_513' title='bbox 253 2867 422 2899; x_wconf 66' lang='lat' dir='ltr'>commode</span> <span class='ocrx_word' id='word_1_514' title='bbox 449 2867 650 2908; x_wconf 73' lang='lat' dir='ltr'>supportari</span> <span class='ocrx_word' id='word_1_515' title='bbox 669 2873 793 2909; x_wconf 70' lang='lat' dir='ltr'>posset,</span> <span class='ocrx_word' id='word_1_516' title='bbox 823 2869 938 2901; x_wconf 72' lang='lat' dir='ltr'>timere</span> <span class='ocrx_word' id='word_1_517' title='bbox 969 2869 1144 2901; x_wconf 78' lang='lat' dir='ltr'>dicebant:</span> <span class='ocrx_word' id='word_1_518' title='bbox 1176 2880 1257 2901; x_wconf 85' lang='lat' dir='ltr'>nam</span> <span class='ocrx_word' id='word_1_519' title='bbox 1285 2869 1399 2901; x_wconf 84' lang='lat' dir='ltr'>aliena</span> <span class='ocrx_word' id='word_1_520' title='bbox 1422 2874 1506 2902; x_wconf 89' lang='lat' dir='ltr'>sunt</span> <span class='ocrx_word' id='word_1_521' title='bbox 1533 2870 1619 2902; x_wconf 87' lang='lat' dir='ltr'>Hor.</span> <span class='ocrx_word' id='word_1_522' title='bbox 1648 2879 1751 2902; x_wconf 82' lang='lat' dir='ltr'>carm.</span> <span class='ocrx_word' id='word_1_523' title='bbox 1782 2879 1795 2901; x_wconf 93' lang='lat'>1</span> 
     </span>
    </p>
   </div>
  </div>
 </body>
</html>
