1931 3202
641 131 1126 175 ASTRONOMICON
1167 131 1216 173 II
1645 135 1698 173 59

334 250 378 288 et
399 245 532 287 Libra
554 245 835 300 Geminisque
857 248 902 286 et
923 245 983 286 eis
1006 259 1113 300 quos
1133 244 1298 299 perluit
1319 243 1457 285 Vnda.

333 321 381 361 in
401 322 555 376 partus
576 319 709 360 Tauri
731 319 812 360 sub
834 318 1004 361 Cancro
1024 321 1132 360 nata
1154 318 1360 360 feruntur

333 397 511 450 pectora
532 396 576 434 et
596 393 642 433 in
664 392 812 435 Chelis
834 396 878 434 et
899 407 1010 448 quae
1032 392 1109 434 dat
1131 392 1339 448 Scorpius
1359 407 1457 434 acer

209 479 274 510 545
334 472 379 510 et
400 468 553 510 Pisces.
615 470 662 508 at
684 481 791 522 quos
814 467 1097 508 Geminorum
1119 467 1264 508 sidera
1283 466 1480 508 formant

334 542 402 584 his
424 557 522 584 cum
544 541 761 597 Lanigero
781 541 945 582 bellum
968 544 1033 583 est
1055 541 1234 597 eiusque
1254 540 1439 597 trigono.

160 681 308 724 Virgine
337 681 415 713 nati
445 684 538 712 sunt.
586 680 691 712 huius
723 679 908 712 uerborum
940 679 1086 718 ordinis,
1119 690 1187 722 quo
1218 680 1311 711 inter
1341 680 1636 721 praepositionem
1667 681 1704 710 et

160 733 357 765 ablat-iuum
376 733 466 764 alter
487 732 632 774 ponitur
654 731 833 763 ablatiuus
854 732 898 763 ab
920 731 981 763 illo
1002 732 1170 773 pendens,
1189 731 1392 772 Maduigius
1412 730 1455 762 ad
1480 730 1550 763 Cic.
1576 730 1619 762 de
1640 730 1698 762 fin.

161 793 206 816 111
227 785 270 817 33
291 787 328 816 et
349 784 429 816 adn.
456 785 533 816 crit.
554 792 584 815 ΙΙ
607 794 640 825 p.
664 784 728 815 514
749 794 818 814 non
841 783 939 814 nulla
964 783 1123 824 exempla
1147 783 1298 824 protulit
1322 793 1364 814 ex
1388 793 1511 824 prosae
1534 782 1705 813 orationis

160 835 404 878 scriptoribus,
425 835 526 867 uelut
547 834 617 867 Cic.
640 834 683 866 de
703 834 777 866 fato
797 835 817 866 5
838 834 875 865 in
897 834 1046 866 brumali
1068 834 1123 866 die
1145 834 1245 872 natis,
1265 834 1367 875 epist.
1388 834 1433 865 ad
1452 834 1532 865 fam.
1553 842 1609 864 ΧΠ
1626 834 1669 865 30
1685 833 1704 867 7

159 897 235 919 cum
251 887 441 928 iynominia
456 886 592 927 diqnis:
617 886 711 928 apud
728 889 850 927 poetas
867 885 961 927 quod
978 886 1080 927 plane
1096 885 1209 917 simile
1226 886 1274 917 sit
1289 896 1357 916 non
1375 885 1495 916 inueni
1511 885 1578 916 nisi
1598 884 1700 916 Ouid.

160 939 233 971 her.
253 947 321 970 XXI
336 939 402 971 232
417 950 440 970 α
456 938 602 979 Delphis
613 938 699 978 juia
718 942 856 969 canente
874 937 946 975 (leo,
966 947 1177 978 quamquam
1197 947 1316 978 parem
1339 936 1412 968 fere
1435 936 1704 977 ambiguitatem

159 991 366 1032 praeferunt
382 993 418 1022 et
433 990 591 1032 legentes
606 989 752 1031 paulum
767 992 950 1020 morantur
967 988 1039 1020 her.
1060 997 1127 1019 xm
1146 989 1206 1020 198
1228 999 1302 1020 cnm
1319 988 1373 1019 dis
1389 988 1543 1028 potando
1559 992 1704 1024 nectare,

161 1046 244 1073 met.
270 1050 284 1073 1
305 1042 367 1074 231
390 1041 428 1073 in
449 1041 586 1073 domino
609 1041 730 1081 dignos
746 1065 753 1072 .
775 1065 782 1072 .
804 1065 811 1072 .
831 1045 980 1081 penates,
1008 1039 1090 1071 Luc.
1114 1049 1154 1070 VI
1177 1040 1241 1073 272
1264 1050 1366 1080 snper
1388 1050 1509 1079 agmere
1528 1044 1620 1070 licias
1636 1063 1643 1070 .
1666 1063 1673 1070 .
1695 1064 1702 1070 .

160 1093 270 1134 ripas.
319 1093 414 1135 apud
435 1093 586 1125 Graecos
608 1093 710 1134 plura
731 1092 906 1123 habentur
925 1091 1028 1132 quale
1047 1095 1102 1122 est
1122 1091 1247 1122 Aescli.
1267 1102 1368 1132 supp.
1388 1092 1450 1124 237
1472 1091 1527 1130 ἀφ’
1542 1090 1706 1121 Ἐλλάδοσ

159 1147 266 1177 τόπων
356 1144 420 1175 542
442 1146 617 1183 geminis.
639 1168 646 1175 .
669 1169 675 1176 .
695 1146 792 1175 unda
816 1153 883 1175 om.
910 1146 953 1174 Μ.
1003 1145 1223 1180 geminisque
1248 1146 1283 1174 et
1310 1144 1360 1174 eis
1377 1142 1410 1180 ἃ,
1436 1144 1569 1180 gemini
1593 1144 1707 1180 pisces

164 1198 284 1235 (piscis
307 1199 332 1227 G
351 1199 435 1227 ante
453 1197 559 1235 corr.)
577 1198 636 1234 GL,
657 1200 685 1226 ec
707 1194 858 1226 Geminis
877 1194 978 1226 simul
999 1199 1028 1226 et
1049 1204 1243 1234 anonymus
1260 1194 1328 1225 ΕΠ.
1347 1197 1440 1225 noct.
1459 1194 1553 1224 Man.
1574 1204 1606 1234 p.
1627 1194 1703 1231 213,

163 1253 192 1280 ει
218 1247 368 1279 Geminis
394 1252 424 1279 et
447 1247 478 1279 si
502 1247 696 1285 Bentleius,
724 1247 759 1277 in
783 1257 853 1288 qua
877 1246 1026 1277 lectione
1049 1245 1079 1277 si
1099 1256 1182 1286 qnos
1202 1256 1265 1286 pro
1288 1245 1439 1276 relatiuo
1462 1245 1616 1286 positum
1637 1255 1707 1276 non

163 1299 410 1331 commendant
427 1300 502 1338 544,
520 1300 596 1337 545,
616 1300 691 1336 548,
710 1299 785 1335 564,
805 1298 879 1329 568.
930 1297 976 1329 eis
995 1300 1095 1328 extat
1115 1306 1144 1328 11
1165 1298 1227 1330 744
1248 1297 1284 1328 iu
1305 1297 1426 1328 eadem
1449 1307 1570 1327 uersus
1591 1300 1703 1338 parte,

163 1350 318 1391 uiresque
334 1350 370 1382 in
386 1350 444 1389 eis,
464 1353 499 1382 et
515 1361 535 1381 a
551 1349 713 1382 Bentleio
726 1349 876 1380 inlatum
890 1353 944 1380 est
957 1349 1075 1380 uersui
1088 1349 1150 1382 377
1165 1349 1366 1380 coniectura
1378 1359 1447 1379 non
1460 1347 1684 1389 improbabili
1698 1360 1706 1385 ;

163 1405 346 1444 praeterea
362 1402 456 1443 apud
472 1401 581 1433 bonos
598 1404 720 1443 poetas
744 1412 814 1432 non
833 1401 986 1432 inueniri
1002 1403 1112 1431 testes
1129 1404 1212 1431 sunt
1232 1400 1418 1431 Meaderus
1434 1404 1470 1430 et
1487 1399 1707 1430 NVoelfflinus

163 1453 257 1485 arch.
277 1453 345 1485 lex.
365 1453 444 1485 Lat.
465 1462 506 1484 XI
522 1463 555 1495 p.
576 1454 649 1487 374.
698 1452 805 1493 pisces
824 1463 893 1483 non
911 1455 983 1483 tam
1001 1462 1043 1483 ex
1062 1452 1195 1493 saetas
1213 1454 1331 1483 ortum
1351 1455 1438 1492 puto
1459 1461 1564 1492 quam
1584 1450 1628 1481 ad
1648 1450 1709 1482 illa

164 1516 246 1546 quos
271 1505 402 1546 perluit
428 1505 524 1536 unda
551 1504 771 1546 adscriptum
798 1503 842 1535 ab
871 1503 989 1545 aliquo
1016 1504 1076 1544 qui
1104 1514 1182 1534 cum
1213 1512 1243 1534 11
1273 1504 1337 1534 492
1368 1502 1522 1533 iuuenem
1553 1507 1709 1533 aeternas

155 1556 358 1597 fundentem
376 1556 533 1588 Piscibus
549 1557 661 1587 undas
677 1555 875 1597 similiaque
892 1564 905 1586 1
922 1555 986 1589 272
1002 1566 1051 1596 sq.
1072 1555 1215 1596 legisset
1230 1554 1293 1585 hos
1314 1553 1503 1596 significari
1519 1553 1711 1584 crediderit

164 1618 276 1650 neque
297 1608 516 1640 intellexerit
537 1607 694 1639 homines
716 1607 780 1638 sub
802 1607 958 1648 Aquario
981 1610 1083 1637 natos
1103 1606 1184 1644 dici,
1206 1610 1247 1637 ut
1267 1615 1296 1637 11
1313 1607 1386 1637 564.
1437 1605 1583 1636 Iacobus
1605 1615 1709 1646 quam

165 1660 366 1692 litterarum
385 1670 509 1701 expers
526 1659 636 1690 fuerit
648 1659 704 1690 hic
721 1659 853 1700 optime
870 1658 1095 1700 perspicitur,
1116 1658 1175 1699 qui
1193 1661 1332 1688 seruata
1348 1656 1518 1688 librorum
1535 1657 1711 1697 scriptura

165 1711 251 1743 haec
277 1711 476 1749 adnotanit,
510 1711 567 1742 ‘in
593 1711 807 1742 breuitatem
834 1720 957 1741 uersus
988 1720 1106 1741 omnes
1137 1709 1296 1740 inimicos
1327 1708 1519 1747 concludit,
1551 1708 1711 1749 neglecta

165 1762 371 1795 structura.’
417 1773 628 1804 quamquam
661 1762 718 1793 uel
751 1761 815 1793 hoc
847 1764 1006 1803 praestat
1039 1771 1158 1792 eorum
1191 1760 1421 1801 peruersitati
1451 1760 1511 1801 qui
1538 1770 1580 1790 ne
1605 1759 1711 1800 piscis

167 1814 340 1846 uocabulo
356 1813 424 1846 sibi
440 1813 629 1846 carendum
646 1818 738 1845 esset
755 1813 969 1844 certissimos
990 1813 1125 1844 Arietis
1147 1812 1265 1843 hostes
1287 1816 1323 1842 et
1347 1811 1473 1842 Librae
1494 1811 1710 1852 Aquariique

168 1866 279 1898 socios
302 1865 468 1898 Geminos
491 1865 715 1907 expulerunt.
764 1864 864 1896 uelut
887 1864 1042 1906 Scaliger
1063 1863 1190 1904 {semini
1211 1863 1323 1894 Piscis
1347 1873 1428 1904 quos
1445 1862 1591 1903 protulit
1615 1862 1710 1893 unda

170 1917 280 1956 (nullo
291 1917 434 1949 uinculo
446 1916 740 1959 praecedentibus
753 1916 942 1955 adnexum)
957 1915 1082 1954 edidit,
1097 1914 1225 1956 quibus
1241 1914 1358 1946 uerbis
1375 1925 1453 1945 cum
1470 1914 1543 1955 ipse
1559 1914 1710 1945 Piscium

167 1972 292 2011 partus
307 1968 497 2011 significari
512 1968 633 2007 uellet,
649 1968 766 2009 Fayus
783 1968 932 2009 Aquarii
948 1967 1137 2004 intellexit,
1157 1977 1269 2008 neque
1286 1977 1325 1997 ea
1341 1966 1438 2007 peior
1454 1969 1507 1997 est
1523 1966 1711 2006 interpret-

168 2021 264 2060 atio;
302 2031 385 2052 uere
416 2020 508 2052 enim
539 2019 721 2051 Bentleius
755 2022 762 2035 ‘
776 2019 870 2050 unda
906 2019 1059 2050 Piscium
1094 2028 1266 2059 nusquam
1296 2018 1332 2048 in
1364 2017 1458 2048 caelo
1489 2016 1566 2055 est,'
1599 2027 1710 2057 neque

169 2071 320 2104 absurde
341 2072 435 2103 idem
459 2071 605 2112 ‘yemini
623 2071 735 2103 Piscis
757 2071 858 2109 male,
879 2081 957 2101 cum
979 2070 1065 2101 alias
1087 2069 1182 2101 dicat
1202 2069 1351 2110 [seminos
1373 2068 1510 2100 Pisces.'
1556 2071 1710 2099 ceterum

170 2124 279 2156 Libra
300 2123 516 2164 Geminisque
536 2134 555 2154 a
575 2123 675 2161 natis,
700 2122 745 2154 eis
767 2133 786 2153 a
808 2133 883 2153 cnm
905 2132 1111 2163 suspensum
1136 2124 1190 2152 est
1277 2122 1409 2158 perluit
1418 2119 1451 2158 Δί’,
1478 2122 1628 2158 pertulit
1649 2122 1708 2158 GL,

164 2174 311 2216 protulit
342 2175 416 2206 cod.
448 2174 556 2213 Flora,
591 2185 653 2216 pro
684 2185 753 2216 quo
779 2174 911 2214 profert
939 2173 1056 2214 potius
1082 2172 1270 2204 dicendum
1295 2171 1402 2203 fuisse
1430 2171 1621 2202 ostendunt
1649 2171 1710 2202 dat

169 2228 244 2266 544,
263 2227 338 2266 548,
364 2227 440 2265 568,
458 2225 617 2266 formant
642 2227 717 2264 545,
744 2225 883 2257 ueniunt
907 2226 983 2263 560,
1002 2224 1205 2256 descendunt
1229 2224 1313 2255 569:
1339 2233 1451 2254 meam
1475 2222 1710 2254 coniecturam

169 2277 318 2310 adiuuat
334 2279 398 2310 564
414 2288 496 2318 quos
511 2277 659 2309 aeternis
677 2276 859 2318 peifnnclit
875 2276 1056 2317 Aquarius
1075 2276 1184 2307 undis.
1234 2285 1297 2316 pro
1313 2275 1408 2306 unda
1429 2284 1623 2315 anonymus
1641 2273 1707 2305 ΕΠ.

169 2332 262 2361 noct.
289 2329 385 2361 Man.
416 2340 450 2370 p.
481 2329 545 2361 213
572 2339 675 2367 urna,
706 2332 746 2360 ut
772 2339 803 2359 u.
837 2329 912 2366 561,
942 2329 1028 2359 item
1057 2326 1261 2364 Bentleius;
1295 2326 1355 2357 sed
1387 2325 1425 2364 Q.
1461 2325 1582 2358 Cicero
1609 2325 1706 2356 anth.

169 2381 247 2413 Lat.
278 2380 372 2412 Ries.
405 2381 469 2413 642
497 2381 537 2413 13
563 2380 676 2421 liquor
702 2380 792 2411 altus
822 2379 965 2419 Aquari
991 2378 1084 2410 dixit
1110 2388 1174 2420 pro
1200 2378 1366 2419 Aquario.
1416 2378 1575 2408 Arietem
1603 2377 1711 2418 igitur

169 2431 274 2464 ferini
303 2432 436 2474 trigoni
466 2432 646 2463 ductorem
683 2432 891 2472 impugnant
930 2430 1097 2461 contrarii
1134 2429 1265 2471 trigoni
1302 2429 1401 2470 signa
1434 2428 1539 2459 Libra
1572 2428 1711 2460 Gemini

170 2484 348 2525 Aquarius
371 2493 529 2525 quaeque
552 2483 626 2514 sola
649 2488 831 2524 praeterea
854 2482 1043 2513 humanam
1066 2481 1214 2512 formam
1236 2480 1343 2512 habet
1359 2480 1489 2521 Virgo:
1515 2479 1559 2511 ab
1580 2479 1711 2511 eisdem

171 2539 340 2577 quattuor
367 2534 527 2566 hostibus
554 2535 808 2576 impugnantur
838 2533 972 2574 reliqua
999 2533 1103 2575 primi
1130 2532 1261 2573 trigoni
1288 2532 1386 2573 signa
1413 2531 1482 2562 Leo
1509 2531 1573 2562 550
1597 2541 1646 2572 sq.
1677 2533 1713 2562 et

171 2586 384 2628 Sagittarius
407 2586 524 2618 560-2.
572 2585 666 2627 quod
689 2596 758 2616 non
780 2586 921 2627 impune
945 2585 1065 2616 ferunt
1088 2594 1224 2622 mares3
1252 2583 1416 2615 Geminos
1440 2583 1531 2614 enim
1556 2584 1620 2614 545
1643 2592 1709 2623 sq.,

172 2638 314 2670 Libram
330 2638 448 2675 554-6,
467 2637 664 2679 Aquarium
681 2638 787 2669 564-ss
804 2637 957 2667 uicissim
975 2636 1159 2677 impugnat
1175 2635 1277 2666 Aries
1293 2645 1369 2665 cum
1387 2634 1526 2675 trigono
1540 2646 1546 2665 :
1572 2633 1713 2675 Virgini

171 2689 321 2720 feminae
336 2689 493 2730 parcitur
580 2688 643 2718 543
667 2691 793 2726 partus
809 2698 1004 2729 anonymus
1021 2687 1088 2718 ΕΠ.
1108 2690 1199 2718 noct.
1221 2686 1316 2717 Man.
1333 2696 1366 2727 p.
1382 2687 1446 2718 213
1462 2689 1499 2717 et
1515 2684 1714 2716 Gronouius

173 2740 245 2772 obs.
265 2749 295 2772 11
316 2751 344 2772 c.
361 2741 392 2778 5,
416 2743 539 2778 partes
559 2739 651 2771 libri.
701 2739 783 2771 uide
806 2741 882 2777 548,
908 2740 972 2771 560
1060 2738 1122 2769 545
1146 2740 1259 2776 pisces
1283 2736 1355 2776 (ΗΡ,
1381 2739 1488 2775 piscis
1510 2740 1578 2768 ΒΜ.
1627 2736 1712 2767 ordo

173 2795 227 2824 est
243 2796 272 2823 et
289 2802 374 2832 quae
390 2792 475 2823 dant
491 2791 607 2823 Pisces
695 2791 848 2822 Taurum
864 2790 1075 2832 impugnant
1094 2789 1262 2821 contrarii
1282 2789 1413 2831 trigoni
1434 2789 1533 2829 signa
1551 2788 1713 2829 scorpius

173 2843 306 2876 Cancer
320 2842 447 2881 Pisces,
471 2847 654 2884 praeterea
674 2842 779 2874 Libra
800 2842 944 2873 humani
966 2841 1096 2883 trigoni
1116 2841 1280 2883 princeps
1296 2844 1329 2872 et
1347 2840 1430 2871 feris
1450 2839 1714 2881 pecudibusque

172 2894 423 2934 inimicissima,
442 2904 588 2936 quarum
605 2893 694 2926 nulli
710 2894 825 2936 parcit
841 2893 996 2935 exceptis
1014 2892 1173 2925 Piscibus
1261 2895 1300 2924 at
1316 2901 1404 2930 quos
1422 2891 1586 2933 Scaliger,
1605 2894 1713 2929 atque
