1931 3202
249 114 330 154 110
844 113 906 156 Μ.
937 113 1188 156 MANILII

293 232 356 264 938
416 222 707 265 Daemonium
727 224 878 279 signat
897 223 1066 279 diosna&
1086 239 1166 280 pro
1187 225 1362 267 nomine
1384 225 1511 267 uires.

415 312 532 339 nunc
553 312 633 353 age
653 301 906 354 surgentem
927 298 1069 354 primo
1091 299 1144 340 de
1166 299 1341 340 cardine
1362 299 1575 341 mundum

292 380 357 413 940
415 371 590 427 respice,
612 386 699 427 qua
719 371 870 414 solitos
891 372 1118 414 nascentia
1138 373 1264 428 signa
1284 387 1487 415 recursus

416 445 647 501 incipiunt,
667 445 822 486 uiridis
843 445 1000 501 gelidis
1021 449 1066 488 et
1088 446 1288 488 Phoebus
1309 446 1365 488 ab
1387 447 1517 488 undis

327 601 390 632 938
415 602 645 634 Daemonium
660 602 764 634 huius
785 603 897 645 partis
917 603 1045 635 titulus
1067 603 1160 645 apud
1182 603 1269 635 alios
1290 614 1358 635 non
1380 604 1565 646 reperitur,
1584 614 1695 646 neque
1715 604 1782 637 huc

242 652 344 684 traho
360 653 452 695 quod
470 653 600 685 Valens
616 664 649 696 p.
665 654 687 685 ‘2
706 655 744 686 18
760 658 796 686 et
812 665 844 696 p.
862 654 902 686 67
919 655 939 686 5
955 655 991 686 in
1008 654 1160 688 Saturno
1180 656 1387 694 δαιμονισμοῦ
1402 658 1439 687 et
1454 655 1490 686 in
1506 662 1633 697 quarto
1648 655 1781 698 templo

242 704 408 742 δαιμονίων
434 705 645 736 mentionem
670 705 757 738 facit
845 706 1007 744 dig-nas*
1031 705 1138 747 (quod
1164 709 1282 738 utrum
1303 710 1384 748 post
1404 706 1517 747 εἰοηαι
1540 717 1584 738 an
1608 711 1690 739 ante
1713 707 1781 739 col-

240 755 391 787 locatum
415 755 460 787 ob
482 756 613 788 similes
629 756 829 788 litterarum
849 756 977 789 ductus
998 756 1169 789 exciderit
1189 757 1278 789 nihil
1299 758 1473 797 interest),
1493 767 1561 796 que
1580 767 1664 790 suas
1684 758 1778 798 libri,

240 816 328 848 quae
355 807 530 849 scriptura
557 811 612 839 tot
639 808 738 840 uitiis
765 807 902 840 laborat
929 811 970 840 ut
1000 808 1093 840 unde
1119 809 1376 841 accusationem
1407 809 1600 841 exordiaris
1626 809 1778 842 dubites.

239 860 346 900 atque
373 858 461 890 illud
487 858 628 900 quidem
655 859 732 891 leue
756 863 820 898 est,
848 859 943 901 quod
970 859 1080 898 deest,
1106 860 1162 892 cui
1189 860 1301 900 siquae
1327 871 1390 902 per
1414 871 1476 901 que
1501 861 1782 893 coniunctionem

239 908 460 949 adnectatur,
473 910 619 942 uerbum
632 922 641 949 ;
665 910 730 943 hoc
746 911 838 943 enim
854 911 1012 953 plerique
1028 914 1123 943 recte
1135 912 1253 943 omitti
1270 922 1370 954 posse
1386 912 1505 944 dicent
1518 912 1646 944 collato
1662 921 1691 944 11
1703 913 1778 952 471,

239 960 485 1002 prudentiores
499 961 649 994 fortasse
662 962 922 994 Daemoniumst
939 963 1044 994 scribi
1060 962 1202 1001 malent,
1219 964 1311 1005 quod
1328 966 1532 1006 promptum
1544 967 1600 995 est
1614 966 1781 1006 sequente

238 1012 292 1044 si-.
341 1012 402 1044 sed
424 1023 506 1045 suas
527 1024 597 1055 quo
620 1013 792 1045 referrent
815 1013 994 1046 habebant
1015 1018 1154 1046 ueteres
1176 1014 1342 1053 editores,
1365 1015 1426 1057 qui
1450 1025 1529 1047 cum
1552 1015 1651 1047 libris
1674 1016 1781 1047 inter-

238 1063 368 1105 polatis
394 1065 531 1096 ticulum
559 1065 614 1097 cui
644 1065 809 1107 legebant
839 1066 875 1097 in
905 1076 1009 1097 uersu
1040 1065 1275 1107 praecedenti,
1310 1069 1351 1098 ut
1382 1066 1556 1099 Saturnus
1586 1067 1782 1099 sententiae

238 1114 435 1147 subiectum
458 1119 570 1148 esset:
596 1127 688 1148 nunc
711 1119 774 1148 aut
797 1117 871 1148 sine
895 1127 997 1148 sensu
1022 1117 1150 1149 titulus
1172 1128 1253 1150 suas
1276 1118 1370 1149 uires
1393 1118 1532 1160 signare
1555 1117 1699 1158 dicitur,
1719 1122 1783 1150 aut

239 1166 373 1198 difficili
403 1166 554 1199 artificio
585 1178 627 1199 ex
658 1168 896 1210 superioribus
926 1168 1170 1200 arcessendum
1202 1174 1257 1200 est
1283 1168 1327 1201 de
1354 1179 1422 1211 quo
1449 1169 1514 1201 hoc
1544 1169 1778 1211 praedicetur.

238 1227 342 1259 porro
365 1229 435 1250 una
457 1219 648 1251 consistere
671 1223 850 1261 nequeunt
872 1231 952 1252 sua-s·
976 1223 1011 1252 et
1028 1230 1095 1261 pro
1115 1220 1261 1259 nomine,
1279 1220 1373 1262 quod
1394 1220 1511 1262 Fayus
1532 1224 1568 1252 et
1590 1221 1781 1263 Pingraeus

238 1269 290 1300 ita
305 1269 586 1312 interpretantur
601 1271 702 1312 quasi
718 1271 888 1313 scriptum
905 1272 952 1303 sit
963 1282 1030 1312 per
1044 1282 1164 1303 nomen
1184 1271 1241 1304 uel
1261 1272 1336 1303 sine
1356 1272 1616 1314 praepositione
1635 1272 1778 1305 nomine.

238 1325 301 1352 aut
325 1321 419 1353 enim
444 1323 547 1364 (quae
573 1322 714 1354 illorum
742 1323 918 1354 enarratio
944 1325 1012 1362 est)
1040 1323 1180 1354 nomine
1205 1334 1244 1355 ac
1269 1323 1377 1355 titulo
1399 1334 1460 1355 eae
1483 1324 1577 1356 uires
1599 1323 1784 1366 signantur

238 1382 327 1413 quae
354 1373 478 1414 templi
504 1374 667 1415 propriae
694 1377 777 1406 sunt
808 1374 904 1413 (uide
931 1373 1053 1407 Claud.
1081 1375 1122 1407 46
1149 1375 1171 1406 2
1198 1374 1316 1407 merito
1346 1374 1499 1416 simultas
1528 1374 1662 1407 nomine
1692 1375 1782 1407 uires

238 1423 460 1466 torpedinis),
489 1428 552 1457 aut
578 1425 764 1467 signantur
791 1426 884 1458 uires
910 1437 974 1468 pro
999 1426 1150 1464 nomine,
1181 1426 1246 1458 hoc
1269 1429 1324 1458 est
1351 1426 1439 1458 tales
1469 1430 1510 1458 ut
1540 1427 1673 1459 nomini
1702 1437 1781 1458 con-

238 1475 384 1507 ueniant
409 1476 505 1515 (uide
532 1476 628 1508 Man.
653 1486 678 1508 v
704 1477 768 1512 743
790 1488 858 1518 pro
888 1488 1028 1509 numero
1059 1477 1185 1517 uires):
1220 1478 1281 1520 qui
1308 1488 1388 1510 suas
1414 1478 1532 1519 signat
1555 1488 1618 1520 pro
1642 1478 1782 1510 nomine

238 1527 342 1566 uires,
362 1527 392 1559 is
407 1538 549 1559 suarum
567 1528 695 1560 uirium
711 1528 961 1570 signandarum
982 1529 1155 1561 rationem
1179 1528 1326 1561 adhibet
1346 1529 1478 1561 nomini
1501 1529 1779 1568 conuenientem,

238 1578 332 1620 quod
362 1578 554 1611 absurdum
584 1582 648 1612 est.
708 1581 828 1622 itaque
865 1591 946 1612 suas
982 1580 1197 1612 adiectiuum
1235 1580 1371 1623 duplici
1406 1581 1495 1612 uitio
1528 1580 1665 1623 insigne
1702 1591 1780 1613 cum

237 1639 347 1671 eoque
371 1631 654 1663 coniunctionem
684 1635 721 1664 et
750 1632 863 1674 ipsam
893 1631 1076 1664 molestam
1106 1632 1247 1671 sustuli,
1277 1632 1383 1674 idque
1415 1632 1586 1664 substitui
1615 1632 1782 1675 loquendi

237 1691 347 1721 genus
371 1692 440 1724 quo
463 1682 587 1723 dianus
610 1686 648 1715 et
665 1694 734 1724 pro
757 1684 806 1715 sic
829 1687 1088 1725 componuntur
1109 1687 1150 1715 ut
1169 1683 1382 1716 alterutrum
1403 1683 1583 1715 abundare
1602 1683 1778 1723 uideatur,

238 1733 337 1764 cuius
367 1736 464 1765 certa
493 1735 654 1776 exempla
683 1737 767 1767 sunt
797 1734 868 1767 Cic.
898 1735 934 1766 in
965 1735 1064 1767 Caec.
1096 1735 1168 1767 diu.
1199 1735 1242 1767 42
1267 1735 1366 1767 timeo
1393 1735 1562 1776 quidnam
1587 1746 1654 1777 pro
1683 1735 1780 1777 offen-

237 1783 328 1816 sione
358 1784 556 1818 hominum.
578 1809 586 1817 .
604 1810 612 1818 .
632 1785 775 1827 diynum
810 1786 921 1827 eloqui
952 1786 1092 1827 possim,
1125 1786 1208 1819 Sall.
1243 1785 1320 1819 Cat.
1353 1788 1393 1819 51
1426 1788 1446 1818 8
1476 1786 1506 1818 si
1536 1786 1643 1827 diyna
1670 1797 1781 1827 poena

233 1846 302 1876 pro
329 1836 441 1876 sactis
477 1847 594 1869 eorum
630 1838 813 1879 reperitur,
853 1837 955 1870 Lucr.
990 1847 1015 1869 v
1055 1839 1070 1869 1
1110 1848 1160 1879 sq.
1194 1838 1336 1879 diymtm
1358 1862 1365 1870 .
1391 1862 1399 1870 .
1423 1862 1431 1870 .
1453 1848 1588 1870 carmen
1615 1838 1619 1879 Ι
1643 1838 1783 1870 condere

235 1897 302 1928 pro
331 1898 447 1920 rerum
476 1889 663 1928 maiestate,
697 1888 758 1922 Sil.
792 1898 848 1921 ΧΠ
878 1890 986 1924 387-‘3
1016 1900 1084 1921 non
1113 1889 1268 1930 equidem
1297 1889 1498 1921 innumerae
1527 1890 1645 1922 caedes
1671 1894 1782 1931 totque

237 1938 383 1970 horrida
399 1939 504 1979 facta
525 1940 529 1980 Ι
549 1940 719 1981 sperarim
742 1945 836 1972 tanto
858 1941 959 1979 dique
977 1951 1045 1982 pro
1068 1940 1201 1972 nomine
1226 1951 1343 1973 rerum
1364 1940 1368 1982 Ι
1382 1941 1552 1981 pandere,
1574 1950 1646 1972 XIII
1665 1942 1707 1973 58
1726 1951 1776 1983 sq.

237 2000 304 2021 non
330 1990 423 2029 haec,
447 1991 593 2032 Tydide,
615 1997 731 2024 tantae
754 2003 820 2033 pro
841 1992 957 2024 laudis
983 1993 1107 2024 honore
1126 1992 1131 2034 1
1152 1992 1260 2033 diyna
1279 2003 1416 2033 param
1444 2003 1487 2024 ex
1512 1992 1634 2024 eodem
1657 2003 1784 2035 genere

237 2045 292 2073 est
312 2041 382 2074 Cic.
407 2053 472 2084 pro
500 2042 601 2075 Rosc.
626 2044 705 2075 Am.
730 2044 773 2076 33
799 2054 898 2085 quem
922 2054 988 2085 pro
1014 2043 1180 2084 dianicate
1206 2054 1246 2076 nc
1271 2044 1418 2076 laudare
1443 2044 1579 2085 quidem
1600 2044 1781 2085 quisquam

237 2092 322 2124 satis
351 2094 519 2126 commode
549 2100 657 2135 posset
686 2098 722 2127 et
751 2095 862 2137 ipsius
894 2095 1034 2127 Manilii
1066 2105 1106 2127 1v
1138 2095 1202 2130 732
1230 2106 1338 2128 more-s·
1366 2106 1433 2137 pro
1463 2100 1549 2127 sorte
1578 2106 1694 2136 pares,
1741 2106 1782 2128 ac

237 2144 386 2176 fortasse
405 2146 514 2178 etiam
537 2146 603 2178 hoc
621 2147 697 2178 loco
717 2147 942 2179 scribendum
960 2150 1038 2179 erat
1053 2146 1358 2189 Dczevzo⁷zium<st>
1379 2148 1554 2188 sigynatque
1575 2147 1695 2188 paris
1714 2157 1782 2188 pro

237 2196 370 2228 nomine
385 2197 476 2229 uires
490 2209 498 2235 ς
521 2197 583 2229 sed
599 2198 688 2230 illud
704 2198 798 2240 quod
814 2199 916 2241 posui
935 2199 1047 2241 magis
1065 2198 1288 2230 commendat
1305 2207 1330 2230 v
1348 2199 1410 2230 134
1430 2198 1554 2239 dianas
1570 2199 1618 2230 ad
1624 2198 1782 2239 fulmina

237 2247 337 2280 uires.
387 2248 619 2281 Daemonium
634 2250 745 2292 igitur
760 2250 889 2282 titulus
908 2256 1055 2292 quartae
1074 2250 1150 2282 sedi
1171 2250 1316 2282 additus
1337 2250 1433 2281 uires
1453 2250 1571 2292 signat
1586 2260 1627 2281 eo
1642 2250 1783 2282 nomine

238 2309 308 2331 non
330 2299 504 2342 indignas.
552 2306 708 2333 ceterum
731 2301 874 2334 minime
904 2303 1026 2344 ignoro
1057 2302 1141 2333 haec
1171 2301 1282 2342 signat
1313 2301 1447 2341 dianas,
1475 2302 1557 2343 quia
1581 2302 1783 2333 coniectura

238 2351 384 2383 inuenta
406 2356 500 2391 sunt,
526 2352 708 2385 horribilia
731 2353 891 2385 accidere
920 2353 1065 2385 auribus
1088 2353 1280 2386 multorum
1311 2353 1373 2395 qui
1404 2353 1440 2385 in
1465 2353 1582 2384 uerbis
1612 2352 1782 2385 librorum

238 2401 307 2434 fide
321 2403 467 2435 traditis
483 2404 570 2436 talia
585 2415 628 2436 ne
651 2405 942 2437 animaduertunt
965 2405 1129 2447 quidem:
1156 2405 1255 2436 uelut
1277 2405 1451 2436 neminem
1470 2404 1656 2436 offendunt
1671 2404 1778 2446 Verg.

238 2464 353 2495 georg.
373 2464 413 2486 1v
433 2457 497 2488 355
518 2456 626 2488 tristis
644 2455 838 2495 Aristaeus,
857 2456 960 2489 Ouid.
984 2457 1056 2488 her.
1076 2466 1143 2488 XIx
1165 2458 1207 2488 44
1226 2455 1349 2497 pinyui
1372 2456 1533 2496 linquere,
1554 2455 1637 2488 Luc.
1657 2464 1697 2487 IX
1719 2456 1784 2490 792

236 2506 405 2538 ⁸uccendic
417 2507 599 2548 tenditque,
614 2508 730 2550 Priap.
740 2508 845 2550 Verg.
859 2510 873 2539 1
889 2509 909 2540 3
921 2519 970 2550 sq.
984 2508 1114 2548 lz'yneus
1127 2508 1237 2548 igynem
1257 2507 1262 2549 Ι
1282 2507 1336 2540 hic
1347 2508 1430 2539 deu-s·
1442 2507 1592 2547 immicis,
1606 2507 1783 2539 neminem

239 2567 318 2589 mox
335 2568 367 2589 u.
388 2559 446 2590 941
466 2559 593 2591 uiridis
607 2559 729 2599 aelidis
817 2559 967 2591 939-947
988 2559 1085 2591 loeus
1106 2560 1251 2601 primus.
1300 2559 1409 2591 Firm.
1430 2567 1459 2590 11
1483 2559 1522 2590 19
1541 2559 1562 2590 2
1578 2558 1716 2600 primns
1737 2563 1783 2590 est

237 2609 328 2640 locus
352 2609 415 2641 illa
442 2620 529 2650 pars
556 2611 591 2642 in
617 2621 687 2652 qua
713 2611 916 2651 horoscopus
942 2615 988 2643 est
1015 2610 1218 2644 constitutus
1305 2609 1370 2641 940
1395 2613 1518 2642 solitos
1535 2633 1543 2642 .
1563 2633 1572 2642 .
1593 2634 1600 2642 .
1619 2619 1783 2642 recursus

238 2658 430 2699 Bentleius,
452 2663 565 2693 solido
582 2687 590 2694 .
611 2686 618 2694 .
640 2686 647 2694 .
666 2671 814 2694 recursu
832 2662 926 2701 libri,
948 2662 993 2694 ad
1014 2662 1135 2704 quales
1157 2661 1326 2694 lectiones
1347 2661 1530 2693 solidusne
1552 2661 1601 2693 sit
1623 2660 1784 2693 Stoeberi

237 2713 275 2742 et
297 2710 462 2744 Becherti
486 2723 646 2745 recursus
669 2724 711 2745 ex
734 2713 820 2755 ipsis
843 2714 968 2746 melius
992 2713 1207 2756 quaesieris;
1234 2715 1330 2745 certe
1354 2716 1425 2744 tam
1451 2712 1577 2744 solitus
1600 2715 1654 2744 est
1675 2722 1782 2754 quam

238 2762 309 2794 suis
336 2762 430 2795 lotae
456 2764 500 2796 ad
528 2764 752 2796 uolutabrum
781 2765 849 2797 luti
945 2765 1007 2796 941
1035 2765 1162 2797 uiridis
1186 2764 1354 2797 Stoebero
1380 2767 1572 2806 praeeunte
1598 2763 1780 2796 reuocauit

236 2812 396 2853 Iacobus,
415 2825 494 2847 cum
511 2816 666 2858 Scaliger
687 2820 723 2848 et
744 2816 926 2848 Bentleius
945 2827 1024 2848 cum
1046 2816 1208 2848 Dulcinio
1227 2816 1316 2848 udus
1336 2814 1591 2854 exhibuissent,
1611 2825 1680 2857 quo
1701 2817 1783 2857 apte

237 2864 456 2906 significatur
481 2877 585 2908 quain
614 2867 751 2900 Statius
778 2867 866 2900 Ach.
898 2877 926 2900 11
953 2868 1018 2900 290
1044 2867 1240 2910 appellauit
1269 2867 1421 2899 nondum
1451 2877 1586 2899 excusso
1608 2870 1782 2898 rorantem
