1931 3202
253 99 309 138 32
858 99 920 141 M.
954 98 1205 141 MANILII

303 213 366 246 305
426 221 513 248 non
536 211 746 263 poterunt
767 208 908 249 uires:
939 208 1041 250 licet
1062 209 1171 250 illud
1194 210 1370 251 nomine
1392 214 1580 259 seruent,

426 281 610 323 amisere
633 282 725 324 loco
746 281 871 324 dotes
892 283 1171 338 numerisque
1194 287 1454 340 repugnant.

427 369 541 403 nam,
562 370 659 397 cum
682 356 773 397 sint
794 360 941 411 partes
961 356 1079 398 orbis
1101 371 1178 413 per
1198 358 1326 414 signa
1346 361 1568 400 trecentae

427 432 471 470 et
492 432 560 470 ter
580 429 771 479 nicenae,
793 444 902 485 quas
924 429 1088 472 Phoebi
1111 431 1268 473 circuit
1288 431 1431 482 ardor,

427 502 560 544 tertia
581 517 682 558 pars
705 503 798 545 eius
819 504 991 545 numeri
1013 504 1131 546 latus
1153 504 1286 548 efficit
1307 520 1445 547 unum

303 583 367 616 310
426 575 471 616 in
494 577 575 617 tris
597 576 797 632 perducti
820 581 968 633 partes
989 593 1066 634 per
1087 579 1215 635 signa
1235 580 1411 635 trigoni.

426 649 539 692 hanc
560 655 708 692 autem
731 651 903 692 numeri
925 666 1012 693 non
1035 652 1181 695 reddit
1201 653 1318 695 linea
1339 668 1568 703 summam,

426 723 462 764 si
484 724 658 779 signum
680 739 707 766 a
727 725 866 781 signo,
886 740 974 767 non
995 740 1097 781 pars
1119 741 1145 768 a
1166 731 1291 782 parte
1313 731 1504 778 notetur,

427 798 553 852 quod,
577 799 780 853 quamuis
801 799 888 841 duo
910 804 1014 842 sunt
1035 800 1173 842 ternis
1195 800 1504 843 dirimentibus
1526 805 1658 851 astra,

425 872 461 912 si
484 875 633 914 tamen
654 877 898 915 extremam
919 874 1034 916 laeui
1056 875 1334 931 primamque
1355 876 1514 932 prioris

300 953 364 986 315
424 946 540 988 inter
560 962 606 988 se
626 947 825 989 conferre
847 948 968 990 uoles
990 963 1310 1005 numerumque
1331 954 1496 1000 notare,

424 1024 493 1061 ter
514 1021 848 1077 quinquagenas
869 1022 1118 1078 implebunt
1139 1023 1292 1065 ordine
1313 1027 1485 1080 partes;

424 1095 634 1137 transibit
654 1111 864 1138 numerus
884 1097 1073 1138 formam
1095 1098 1281 1153 finisque
1303 1099 1528 1154 sequentis

424 1173 652 1211 consumet
672 1171 841 1212 ductus.
903 1171 1006 1213 licet
1027 1186 1131 1227 ergo
1152 1172 1280 1228 signa
1302 1173 1481 1228 trigona

424 1243 640 1293 dicantur,
661 1245 802 1300 partis
822 1259 911 1287 non
932 1249 1113 1287 seruant
1133 1246 1211 1288 illa
1232 1247 1443 1303 trigonas.

301 1324 366 1358 320
425 1318 531 1359 haec
552 1319 704 1360 eadem
726 1319 890 1375 species
911 1319 1038 1362 fallet
1059 1335 1137 1376 per
1157 1321 1285 1376 signa
1306 1321 1524 1376 quadrata

424 1392 573 1447 (quod,
593 1407 692 1435 cum
712 1394 851 1435 totius
872 1395 1056 1444 numeri,
1080 1395 1155 1450 qui
1177 1395 1397 1437 construit
1418 1396 1582 1446 orbem,

426 1470 494 1509 ter
514 1466 655 1509 (lenae
677 1468 893 1523 quadrum
916 1473 1065 1524 partes
1086 1484 1164 1525 per
1185 1470 1330 1511 sidera
1350 1470 1549 1519 reddant,

294 1621 356 1652 305
391 1623 615 1666 interpunxit
653 1625 756 1657 Iunio
794 1630 830 1658 et
864 1626 961 1667 Fayo
998 1625 1250 1668 praeeuntibus
1281 1625 1485 1657 Bechertus.
1542 1630 1637 1657 astra
1671 1626 1798 1667 quinto

249 1684 388 1716 quoque
415 1674 490 1707 loco
517 1677 645 1717 posita,
672 1688 742 1709 non
768 1677 926 1709 homines
953 1688 995 1709 ex
1022 1678 1071 1709 eis
1098 1678 1186 1717 nati,
1213 1678 1352 1720 trigona
1378 1678 1607 1709 nominantur
1633 1680 1669 1709 et
1694 1677 1798 1709 iustis

251 1727 403 1757 numeris
429 1732 629 1769 repugnant
716 1731 855 1760 nomine
881 1728 954 1768 (ΠΡ,
981 1732 1125 1761 nomina
1149 1732 1208 1760 LM
1296 1729 1359 1760 308
1385 1733 1442 1761 ter
1466 1732 1611 1761 nicenae
1635 1727 1684 1768 L2‚
1712 1732 1798 1761 tunc

250 1779 388 1809 uicinae
411 1781 496 1810 GLM
584 1779 648 1810 310
671 1783 833 1818 perducti
855 1779 902 1819 L'2‚
928 1783 1116 1819 praecincti
1143 1784 1249 1816 GLM:
1287 1780 1400 1812 nihilo
1423 1780 1579 1812 deterius
1602 1783 1695 1812 esset
1718 1788 1796 1818 pro-

249 1830 347 1860 ducti
436 1829 499 1860 312
522 1841 545 1861 a
572 1836 673 1871 parce
704 1836 848 1870 notetur,
882 1835 966 1864 nota
996 1832 1131 1864 numeri
1162 1843 1182 1863 a
1212 1836 1314 1873 parte
1346 1831 1444 1863 ducti
1475 1831 1635 1873 signetur
1734 1830 1797 1862 313

250 1882 364 1911 ternis
404 1882 513 1920 (ziii)
552 1881 734 1914 Bentleius
773 1885 1020 1915 dirimentibus
1059 1883 1343 1922 Bonincontrius,
1383 1885 1476 1914 adiri
1518 1885 1696 1914 mentibus
1733 1885 1793 1920 GL,

249 1933 352 1963 andri
374 1935 554 1964 mentibus
574 1936 619 1972 M,
639 1934 746 1965 tribu-3
768 1935 996 1966 mediantibus
1016 1935 1085 1966 iam
1108 1934 1418 1976 Regiomontanus.
1468 1942 1497 1965 11
1520 1934 1584 1968 277
1608 1944 1659 1976 sq.
1678 1933 1796 1975 astra}

250 1993 336 2023 quae
374 1984 490 2015 (Hui-sa
526 1990 664 2017 manent
703 1985 808 2017 ter-nis
845 1986 1014 2017 distantia
1052 1986 1168 2026 siquis,
1210 1987 1273 2018 393
1311 1986 1379 2017 dno
1421 1985 1521 2026 siqua
1559 2010 1566 2017 .
1593 2010 1601 2017 .
1627 2009 1635 2017 .
1676 1985 1799 2017 mediis

249 2034 401 2066 submota
422 2035 597 2076 quaternis
697 2036 762 2067 314
784 2041 980 2069 extremam
1001 2037 1311 2079 Regiomontanus‚
1332 2040 1529 2069 extremum
1551 2037 1634 2068 libri
1731 2045 1799 2075 que

250 2088 284 2117 Μ
300 2086 392 2118 sicut
413 2087 609 2119 coniecerat
633 2088 825 2127 Bentleius,
851 2099 917 2121 om.
937 2091 971 2127 L,
991 2098 1034 2120 ue
1056 2088 1119 2120 GL2
1207 2088 1268 2119 315
1290 2091 1390 2120 uoles
1410 2088 1493 2127 L'2M,
1517 2091 1641 2120 uolens
1661 2090 1711 2119 Gt.

293 2146 478 2170 numerum
490 2138 563 2177 (ΗΡ,
576 2142 715 2171 numeri
730 2142 788 2171 Lm
866 2140 928 2171 317
943 2141 1114 2180 formam,
1129 2142 1242 2180 σχῆμα
1260 2141 1437 2180 trigonum
1504 2139 1590 2180 finis
1602 2149 1672 2171 acc.
1688 2139 1796 2180 plur.‚

249 2190 413 2229 sequenti-3
428 2190 547 2221 <linctus
563 2201 639 2231 gen.
660 2191 747 2232 sing.
840 2191 904 2221 319
927 2191 1054 2231 trz'gyoni
1070 2191 1188 2233 Fayus
1204 2194 1345 2233 praeter
1361 2191 1605 2223 necessitatem
1619 2202 1628 2229 ;
1652 2190 1796 2229 etenim,

250 2243 290 2271 ut
302 2240 401 2280 siyna
411 2241 559 2281 triqona,
573 2242 624 2273 ita
630 2247 751 2283 parces
761 2242 914 2283 ίνῐῃοηαε
926 2246 1009 2274 sunt
1019 2253 1062 2284 qu
1068 2253 1108 2274 ae
1122 2242 1299 2284 trigonum
1310 2242 1467 2274 efficiunt
1477 2254 1486 2280 ;
1506 2252 1654 2283 quarum
1665 2242 1798 2274 iustum

249 2302 433 2324 numerum
450 2303 519 2324 non
536 2297 680 2325 seruant
696 2295 851 2335 quinque
873 2295 973 2335 signa
994 2305 1063 2325 uno
1085 2294 1207 2325 ordine
1228 2294 1445 2332 continuata,
1465 2293 1688 2334 naufragium
1704 2292 1796 2324 enim

249 2342 379 2375 facient
395 2348 513 2385 partes
530 2345 634 2376 unius
651 2345 688 2376 in
704 2345 774 2377 illis
791 2347 838 2384 (u,
855 2346 932 2384 330)
1021 2345 1084 2376 322
1109 2348 1218 2377 denae
1228 2345 1261 2384 ἦ,
1280 2347 1434 2383 triginta
1450 2346 1642 2383 (tringinta
1656 2347 1698 2376 ut
1713 2343 1799 2375 alibi

249 2397 296 2433 Μ)
314 2394 416 2427 libri:
442 2395 593 2428 conflata
611 2400 695 2428 sunt
717 2402 766 2428 ter
784 2397 890 2428 (lenae
907 2402 943 2428 et
960 2397 1114 2437 trz'qinta.
1164 2397 1269 2428 metri
1285 2397 1425 2434 uitium,
1444 2396 1539 2438 quod
1560 2406 1670 2438 paene
1691 2396 1799 2427 miror

249 2447 423 2478 neminem
444 2447 508 2479 hac
531 2452 648 2480 aet-ate
672 2448 792 2480 adlato
817 2448 924 2480 Mart.
945 2457 1001 2479 XII
1023 2449 1065 2480 26
1088 2450 1103 2480 1
1125 2449 1305 2488 seaeaqincci
1328 2453 1418 2479 teras
1443 2449 1508 2486 (ita
1531 2448 1623 2479 enim
1647 2446 1798 2485 codices)

248 2497 459 2537 defendisse,
486 2504 581 2531 recte
604 2499 786 2532 Bentleius
809 2500 894 2531 ferri
916 2510 1018 2541 posse
1041 2499 1207 2541 negauit3
1241 2499 1454 2531 sentent-iam
1481 2498 1679 2538 uerborum,
1709 2508 1799 2540 quae

250 2551 309 2580 uix
328 2550 441 2581 minus
463 2551 592 2582 uitiosa
613 2554 677 2590 est,
702 2562 804 2582 nemo
825 2551 969 2583 uidetur
990 2562 1140 2583 curasse.
1189 2551 1226 2582 in
1247 2550 1375 2592 quibus
1391 2561 1461 2582 non
1476 2553 1552 2582 tam
1567 2550 1603 2582 id
1619 2550 1796 2592 uitupero,

247 2601 342 2642 quod
367 2601 464 2633 nullo
490 2606 633 2634 auctore
659 2603 834 2644 quadrum
858 2604 1004 2644 ponitur
1026 2613 1090 2644 pro
1114 2606 1216 2644 parte
1239 2606 1367 2644 quarta
1391 2603 1473 2643 (quo
1496 2612 1600 2633 sensu
1625 2601 1799 2643 quadram

250 2651 460 2685 Censorinus
484 2654 671 2696 usurpauit
696 2654 738 2685 de
761 2654 817 2686 die
839 2659 912 2686 nat.
935 2655 971 2686 ll
997 2655 1028 2693 9,
1052 2659 1159 2696 atque
1183 2654 1234 2685 ita
1257 2654 1322 2685 hoc
1343 2664 1447 2685 uersu
1469 2653 1796 2695 Regiomontanus),

248 2714 351 2745 quam
377 2704 627 2746 disputationis
651 2709 855 2737 contextum
877 2716 916 2737 ac
940 2706 1218 2747 progressionem
1242 2704 1413 2736 desidero.
1462 2715 1574 2746 neque
1597 2704 1690 2736 enim
1713 2703 1798 2735 haec

249 2759 345 2786 recta
361 2759 414 2787 est
430 2758 702 2798 argumentatio,
725 2759 732 2773 ‘
745 2768 823 2789 cum
845 2766 891 2788 xc
911 2757 1043 2788 zodiaci
1065 2760 1184 2799 partes
1200 2762 1338 2798 partem
1355 2761 1517 2798 quartam
1534 2756 1646 2787 totius
1661 2755 1799 2787 numeri

249 2810 343 2844 (nam
359 2807 494 2839 numeri
510 2809 683 2849 quadrum
700 2809 932 2850 coniungunt)
949 2808 1114 2846 efficiant,
1132 2807 1214 2839 inde
1231 2808 1351 2839 euenit
1367 2810 1408 2839 ut
1424 2810 1594 2849 quattuor
1611 2807 1710 2848 signa
1725 2814 1798 2838 cxx

249 2862 380 2899 parte&
406 2858 476 2891 duo
502 2860 601 2901 sigua
624 2868 671 2891 Lx
694 2866 814 2902 partes
838 2860 1060 2892 obtineant⁷z
1089 2863 1184 2891 recte
1208 2863 1270 2891 aut
1293 2859 1343 2891 sic
1366 2858 1599 2897 concluditur,
1629 2861 1728 2889 ‘curn
1751 2866 1799 2889 xc
