1931 3202
248 127 302 167 62
845 127 906 169 Μ.
940 127 1191 169 MANILII

421 237 624 295 Scorpios
645 240 690 280 in
712 239 897 281 totidem
921 239 1136 282 fecundus
1159 240 1353 283 creditur
1374 241 1538 291 hostis;

420 327 685 368 aequoreum
708 314 924 362 iuuenem,
946 314 1166 364 Geminos,
1187 315 1380 356 Taurum
1403 319 1536 371 atque
1559 315 1757 365 Leonem,

422 387 643 443 Erigonen
665 387 931 443 Libramque
954 388 1072 444 fugit
1094 389 1355 431 metuendus
1377 394 1421 432 et
1442 390 1545 446 ipse,

299 459 364 492 560
423 461 585 516 quique
607 460 825 517 Sagittari
847 463 1035 504 ueniunt
1056 462 1109 504 de
1130 463 1271 505 sidere
1294 467 1458 519 partus.

421 535 500 576 hos
518 535 715 577 Geminis
736 536 831 577 nati
854 535 1074 592 Libraque
1097 541 1141 578 et
1164 537 1346 593 Virgine
1370 541 1413 580 et
1435 538 1556 579 Vrna

420 608 683 665 depressisse
706 610 867 652 uolent.
928 614 1115 653 naturae
1137 611 1230 668 lege
1253 612 1431 654 iubente

421 683 526 725 haec
549 683 712 733 eadem,
734 683 1013 740 Capricorne‚
1034 686 1124 727 tuis
1146 686 1325 728 inimica
1348 687 1563 728 feruntur.

421 760 468 798 at
490 772 598 813 quos
619 759 810 800 aeternis
831 758 1063 815 perfundit
1085 760 1308 816 Aquarius
1329 761 1460 803 undis

297 840 361 872 565
421 831 467 872 in
488 847 683 888 pugnam
707 832 954 875 Nemeaeus
975 835 1069 890 agit
1091 837 1323 891 totumque
1345 836 1584 892 trigonum,

247 992 322 1032 ipsa
339 991 433 1023 uices
449 991 567 1024 reddit
655 991 718 1024 557
734 993 905 1033 fecundus
929 994 962 1025 in
980 994 1083 1026 hostis
1104 998 1145 1026 ut
1164 1004 1204 1026 1v
1227 995 1289 1026 124
1302 995 1466 1036 secundis
1487 995 1523 1026 in
1544 995 1672 1027 uellera
1691 995 1793 1027 lanis.

246 1042 395 1074 inuisam
421 1043 561 1075 beluam
585 1043 654 1076 sibi
681 1044 800 1077 hostes
824 1055 947 1086 parere
970 1052 1075 1087 poeta
1099 1046 1187 1078 dicit
1214 1046 1338 1078 eadem
1361 1047 1498 1078 ratione
1525 1057 1595 1088 qua
1618 1046 1798 1089 Vergilius

246 1094 334 1126 Aen.
355 1103 379 1125 X
396 1095 460 1127 204
476 1096 674 1136 qnintqencos
690 1095 726 1127 in
741 1107 774 1128 se
788 1097 972 1129 Mezentius
988 1102 1103 1129 armat
1191 1097 1254 1128 558
1270 1108 1458 1139 aequoreus
1473 1098 1607 1130 iuuenis
1620 1098 1798 1140 Aquarius

247 1146 450 1187 appellatur
471 1147 577 1178 etiam
598 1157 622 1178 v
638 1149 724 1186 505;
748 1159 872 1190 nempe
896 1149 1048 1189 infestas,
1068 1149 1148 1181 olim
1173 1160 1258 1190 quas
1272 1149 1430 1190 sufferat,
1449 1150 1561 1182 undas
1582 1150 1586 1190 Ι
1609 1150 1798 1182 Deucalion

242 1208 398 1237 paruam
429 1198 618 1239 defundens
648 1199 779 1231 indicat
807 1211 945 1239 urnam,
973 1200 1088 1232 Germ.
1117 1201 1241 1242 phaen.
1271 1203 1331 1234 561
1359 1212 1409 1243 sq.
1503 1201 1566 1232 559
1588 1204 1734 1239 Erigone
1761 1204 1795 1240 L,

246 1251 392 1285 Erigone
408 1253 442 1288 G,
463 1253 628 1289 Etrigone
644 1254 678 1283 Μ
765 1252 962 1283 metuendus·
979 1257 1008 1284 cc
1026 1252 1107 1293 ipse,
1128 1253 1201 1294 ipse
1218 1253 1374 1284 uicissim
1395 1253 1605 1284 metuendus
1624 1253 1798 1295 Erigonae

249 1300 454 1343 Libraeque,
474 1313 544 1333 non
568 1303 742 1343 omnibus,
762 1304 889 1335 ceteris
908 1304 1001 1335 enim
1024 1307 1165 1346 praeter
1188 1304 1343 1336 Taurum
1362 1315 1432 1336 non
1448 1308 1624 1347 repugnat
1712 1303 1799 1335 559-

247 1351 308 1382 561
343 1353 569 1395 interpunxi:
603 1354 710 1396 uulgo
742 1354 822 1395 ipse.
849 1354 997 1397 {quique
1014 1380 1021 1387 .
1043 1380 1050 1387 .
1071 1380 1078 1388 .
1096 1361 1233 1396 parcus,
1257 1357 1261 1398 Ι
1283 1356 1340 1388 laos
1428 1356 1492 1387 560
1518 1358 1714 1395 sagIttiferi
1743 1355 1795 1394 L2,

246 1403 332 1435 item
357 1404 430 1444 569,
457 1416 562 1447 quam
587 1406 735 1437 formam
759 1417 877 1438 omnes
900 1407 1071 1448 praebent
1095 1416 1124 1439 ΙΙ
1148 1409 1223 1446 513,
1245 1407 1393 1439 alteram
1418 1417 1431 1439 Ι
1455 1409 1530 1447 691,
1557 1417 1586 1439 11
1609 1408 1686 1446 211,
1711 1408 1797 1445 280;

248 1454 448 1497 Sayittzjfero
476 1466 505 1488 11
536 1458 611 1496 267,
640 1459 715 1497 500,
743 1458 805 1489 sed
831 1462 977 1499 cogente
1002 1462 1115 1490 metro
1205 1459 1389 1501 Scorpium
1420 1460 1632 1502 impugnant
1662 1460 1798 1491 Taurus

247 1507 386 1548 signum
412 1510 614 1550 oppositum
639 1512 676 1541 et
701 1510 776 1541 eius
799 1520 841 1541 ex
866 1511 1006 1552 trigono
1031 1510 1142 1552 Virgo
1167 1514 1325 1543 cessante
1351 1511 1562 1553 Capricorno
1589 1511 1663 1553 (qui
1685 1511 1800 1543 ferina

248 1557 452 1600 impellente
475 1564 603 1592 natura
627 1572 706 1593 cum
729 1561 876 1603 Scorpio
899 1562 1053 1594 sociatus
1077 1562 1219 1604 Virgini
1242 1562 1375 1594 bellum
1397 1563 1533 1602 infert),
1551 1563 1638 1594 item
1653 1563 1798 1594 humani

247 1611 379 1652 trigoni
396 1612 495 1653 signa
512 1612 620 1644 Libra
632 1613 771 1645 Gemini
784 1613 973 1655 Aquarius,
989 1613 1115 1655 quibus
1129 1625 1190 1645 cur
1201 1625 1266 1656 par
1281 1614 1435 1646 serarum
1450 1614 1520 1646 Leo
1532 1617 1568 1646 et
1585 1614 1800 1655 Sagittarius

247 1671 321 1693 sese
341 1662 537 1705 adiungant
560 1675 666 1696 causa
688 1665 786 1696 nulla
809 1668 956 1707 apparet
980 1668 1122 1707 praeter
1144 1665 1328 1698 libidinem
1351 1666 1512 1698 uersibus
1534 1667 1598 1698 539
1623 1677 1672 1707 sq.
1692 1666 1798 1707 signi-

248 1712 389 1745 ficatam
478 1715 539 1746 561
556 1719 650 1747 libra
665 1715 744 1755 c-L2,
762 1719 892 1748 libram
907 1720 966 1748 ΒΜ
1047 1718 1140 1749 Γνηα
1156 1728 1220 1759 pro
1236 1718 1394 1759 Aquario
1411 1717 1573 1749 Lucanus
1590 1726 1631 1748 IX
1648 1718 1710 1751 537

294 1764 357 1796 562
372 1770 494 1798 uolent
510 1771 555 1806 M,
571 1771 699 1799 uolunt
715 1771 765 1799 GL
781 1771 926 1810 propter
941 1769 1082 1800 ueniunt
1096 1773 1131 1801 et
1138 1769 1318 1809 feruntur,
1333 1770 1401 1801 nisi
1414 1769 1517 1801 fallor
1531 1782 1538 1801 :
1564 1769 1645 1800 uide
1658 1770 1723 1801 550
1735 1768 1799 1800 erit

335 1822 487 1850 naturae
504 1819 672 1861 Scaliger,
690 1824 823 1851 natura
843 1824 880 1852 et
903 1819 984 1852 libri
1000 1832 1008 1858 ;
1040 1820 1102 1852 sed
1118 1821 1216 1852 nulla
1231 1827 1479 1863 praeterquam
1496 1824 1644 1852 naturae
1660 1821 1716 1852 lex
1734 1820 1798 1852 hoc

249 1867 324 1900 fieri
349 1869 468 1902 iubet:
494 1875 640 1903 natm-ae
663 1871 731 1912 lesse
754 1871 808 1903 bis
832 1875 1015 1913 praeterea
1037 1872 1195 1914 ponitur,
1215 1882 1228 1904 1
1252 1872 1326 1911 671,
1350 1882 1374 1904 v
1397 1873 1461 1905 380
1552 1872 1796 1914 Sagittarium,

248 1925 287 1951 ut
313 1921 356 1951 ad
382 1922 446 1953 542
473 1922 561 1961 dixi,
588 1922 682 1954 idem
707 1923 768 1965 qui
799 1924 959 1955 Arietem
987 1928 1023 1955 et
1054 1924 1207 1956 Leonem
1232 1924 1350 1956 hostes
1381 1925 1601 1966 impugnant,
1631 1924 1799 1955 contrarii

248 1972 378 2014 trigoni
402 1974 502 2015 signa
527 1974 667 2006 Gemini
692 1974 799 2007 Libra
824 1975 1001 2017 Aquarius
1027 1975 1216 2007 accedente
1247 1978 1288 2007 ut
1311 1976 1401 2008 solet
1432 1976 1591 2018 Virgine.
1641 1986 1730 2017 quae
1758 1980 1799 2007 ut

249 2023 463 2066 Capricorno
487 2036 625 2067 quoque
642 2027 785 2058 inimica
801 2027 874 2058 sint
890 2037 969 2058 cum
986 2027 1116 2069 positio
1132 2038 1202 2059 non
1224 2028 1331 2059 faciat
1352 2030 1445 2066 (nam
1469 2027 1597 2059 Librae
1620 2027 1798 2068 trigonum

249 2075 280 2106 ei
298 2078 514 2108 contrarium
530 2088 600 2109 non
618 2081 683 2116 est,
702 2078 814 2120 Virgo
830 2078 918 2110 adeo
934 2079 1067 2121 trigoni
1084 2079 1221 2111 ratione
1237 2082 1405 2118 consors),
1424 2083 1572 2111 naturae
1588 2082 1707 2110 tamen
1723 2078 1799 2120 lege

247 2127 391 2160 iubente
423 2129 533 2160 feram
564 2129 719 2161 humana
749 2130 1015 2172 aggrediuntur.
1066 2135 1161 2162 recte
1191 2131 1302 2172 igitur
1332 2135 1413 2172 post
1442 2131 1567 2170 uolent,
1594 2141 1676 2169 non,
1705 2130 1799 2172 quod

250 2179 355 2221 uulgo
372 2179 423 2218 fit,
443 2186 524 2222 post
548 2181 688 2220 iubente,
707 2182 902 2213 orationem
927 2182 1097 2214 distinxit
1119 2182 1158 2214 F.
1178 2182 1303 2214 Iunius
1322 2193 1401 2214 cum
1422 2182 1541 2214 codice
1557 2193 1620 2214 suo
1639 2182 1800 2213 Palatino

336 2230 397 2262 565
410 2235 448 2263 in
460 2235 506 2271 M,
520 2235 566 2264 ad
578 2236 645 2264 GL:
671 2233 760 2264 nihil
777 2233 926 2265 interest
1014 2243 1202 2266 nemeaeus
1215 2234 1416 2266 Gronouius
1428 2234 1500 2266 obs.
1518 2243 1546 2265 11
1564 2245 1591 2266 c.
1608 2235 1639 2273 5,
1655 2242 1800 2265 nemeus

247 2285 296 2313 GL
321 2285 357 2314 et
380 2288 422 2315 ut
444 2283 589 2315 uidetur
612 2287 657 2323 M,
684 2284 895 2326 quibuscum
919 2285 994 2317 cod.
1014 2285 1193 2317 Venetum
1217 2286 1415 2317 consentire
1439 2285 1622 2317 Bentleius
1645 2288 1800 2317 testatur

248 2345 359 2376 neque
377 2335 481 2366 aliter
497 2336 702 2378 accipienda
718 2340 802 2368 sunt
818 2347 907 2378 quae
924 2336 968 2368 de
985 2347 1024 2368 eo
1041 2337 1155 2369 tradit
1172 2337 1198 2369 G
1206 2337 1383 2375 ronouius,
1402 2341 1484 2369 ante
1505 2347 1609 2379 quem
1628 2336 1800 2368 edebatur

248 2386 385 2418 ueniens
409 2388 518 2427 assidat
608 2387 691 2428 ayz‘t,
720 2391 900 2429 prouocat,
928 2394 969 2420 ut
996 2389 1072 2420 Liu.
1102 2398 1141 2420 VI
1169 2390 1207 2420 15
1231 2389 1250 2423 7
1277 2388 1420 2421 Latinos
1445 2389 1689 2429 Hernicosque,
1717 2398 1800 2428 quos

237 2438 346 2478 falsis
362 2438 561 2470 criminibus
577 2439 614 2470 in
629 2450 731 2471 arma
748 2444 854 2480 ayant
872 2442 1004 2482 (patres
1022 2440 1185 2479 Romani)
1275 2440 1446 2481 triyonum
1462 2440 1714 2478 nominatiuus,
1729 2449 1799 2470 non

247 2490 339 2521 enim
364 2489 490 2522 Librae
513 2491 811 2533 Geminorumque
835 2491 896 2523 sed
922 2492 1070 2533 Aquarii
1094 2492 1213 2525 hostes
1236 2491 1292 2523 hic
1316 2491 1611 2523 commemorandi
1634 2493 1728 2529 sunt,
1755 2490 1799 2522 de

247 2541 374 2582 quibus
402 2541 476 2573 dixi
503 2542 548 2574 ad
573 2544 647 2574 542.
697 2543 793 2575 cadit
817 2554 899 2584 ergo
923 2544 1020 2585 prior
1044 2554 1062 2575 e
1085 2543 1222 2575 duabus
1251 2543 1546 2585 explicationibus
1573 2554 1594 2574 a
1619 2542 1797 2575 Gronouio

245 2593 405 2634 prolatis,
444 2596 526 2625 ‘aut
553 2594 716 2626 traiectio
744 2601 809 2633 est,
840 2598 881 2626 ut
912 2595 1103 2637 intelligas,
1133 2606 1219 2637 quos
1250 2595 1460 2626 caelestibus
1489 2594 1592 2626 undis
1619 2593 1799 2636 Aquarius

246 2644 351 2686 rigat,
379 2655 439 2676 seu
466 2645 526 2687 qui
553 2645 618 2677 sub
646 2646 804 2687 Aquario
831 2649 1036 2685 nascuntur,
1066 2647 1109 2678 iis
1137 2650 1173 2678 et
1201 2646 1270 2678 toti
1301 2647 1441 2688 trigono
1469 2645 1576 2688 (quod
1604 2645 1669 2678 sub
1694 2645 1799 2677 unius

243 2696 392 2733 iuuenis,
424 2697 575 2738 Aquarii
606 2708 742 2739 nempe,
777 2698 913 2729 uirtute
941 2700 1008 2737 est)
1038 2698 1189 2730 Leonem
1215 2703 1252 2729 et
1283 2697 1424 2730 turbam
1456 2697 1612 2729 ferarum
1643 2707 1797 2739 pugnam

246 2747 448 2780 intentare)
495 2759 606 2790 neque
623 2749 733 2790 magis
750 2754 844 2780 stare
860 2752 980 2791 potest
996 2749 1121 2788 altera,
1151 2751 1234 2781 ‘aut
1250 2760 1341 2781 unus
1363 2749 1422 2781 ille
1443 2749 1592 2787 iuuenis,
1612 2748 1678 2780 sub
1699 2748 1798 2779 cuius

247 2799 382 2830 uirtute
405 2799 511 2831 turba
538 2801 692 2831 ferarum
716 2803 891 2839 censetur,
917 2804 972 2832 est
996 2801 1137 2833 semifer
1161 2800 1385 2839 Centaurus,’
1409 2801 1466 2832 cui
1490 2804 1584 2832 recte
1608 2799 1799 2841 Pingraeus

246 2851 412 2891 opposuit
429 2851 623 2893 Aquarium
641 2853 784 2893 passim,
803 2852 1020 2885 Centaurum
1036 2863 1210 2894 nusquam
1227 2853 1389 2884 iuuenem
1407 2852 1598 2894 appellari:
1624 2852 1661 2883 in
1676 2851 1799 2893 primis

247 2901 478 2934 conferendus
509 2906 563 2935 est
595 2913 627 2934 u.
658 2912 697 2934 lv
725 2904 788 2938 357
820 2914 970 2936 summas
1004 2903 1195 2936 Centaurus
1224 2904 1344 2936 retinet
1375 2903 1531 2936 iuvenale
1556 2913 1623 2944 per
1652 2907 1794 2935 astrum.
