1931 3202
636 112 1121 156 ASTRONOMICON
1162 112 1211 153 II
1643 115 1697 153 47

386 224 531 280 accipe
551 224 717 265 diuisas
737 224 928 265 hominis
949 238 1026 279 per
1046 223 1190 265 sidera
1210 227 1356 279 partes

328 298 589 355 singulaque
610 298 656 338 in
677 298 866 353 propriis
888 298 1089 353 parentia
1110 297 1306 339 membra
1327 297 1491 353 figuris,

203 383 268 414 455
327 373 373 413 in
395 373 492 428 quis
512 372 768 428 praecipuas
788 374 882 413 toto
903 371 956 413 de
977 386 1154 427 corpore
1176 371 1292 413 uires

328 449 542 489 exercent.
604 446 732 487 Aries
752 448 886 501 eaput
907 448 973 487 est
993 449 1096 487 ante
1118 446 1265 487 omnia
1286 445 1487 500 princeps

328 521 512 562 sortitus
531 534 772 575 censusque
793 521 861 561 sui
883 520 1178 576 pulcherrima
1203 520 1313 561 colla

329 595 512 644 Taurus,
533 597 577 636 et
597 594 644 634 in
666 594 863 635 Geminis
885 594 1058 649 aequali
1081 594 1284 635 bracchia
1305 596 1419 635 sorte

328 669 581 711 scribuntur
601 682 767 709 conexa
788 668 963 717 umeris,
984 671 1222 723 pectusque
1244 668 1435 709 locatum

205 752 269 784 460
327 742 410 784 sub
432 743 599 784 Cancro
620 746 698 790 est,
719 742 906 783 laterum
929 757 1113 797 regnum
1137 742 1426 797 scapulaeque
1450 741 1617 788 Leonis,

330 817 527 873 Virginis
548 817 594 857 in
614 817 835 872 propriam
858 816 1128 858 descendunt
1150 817 1226 857 ilia
1247 819 1419 863 sortem,

157 1002 317 1034 195-211.
366 1002 460 1044 apud
483 1001 671 1033 Manilium
692 1001 854 1033 breuiore
876 1001 988 1033 forma
1009 1002 1092 1034 haec
1113 1002 1289 1034 iterantur
1314 1011 1352 1033 IV
1374 1002 1480 1036 Tol-9
1567 1000 1631 1031 453
1654 1000 1700 1032 sic

151 1064 217 1094 per
236 1053 317 1085 haec
335 1053 434 1093 siqua
451 1058 521 1085 cota
537 1053 687 1084 membra
707 1053 854 1085 hominis
873 1053 1082 1085 diuiduntur
1100 1054 1127 1085 F
1131 1054 1274 1085 irmicus
1361 1053 1425 1083 454
1447 1055 1601 1091 propriis
1626 1052 1697 1089 GL2,

156 1107 321 1143 proprias
350 1108 419 1137 LM.
469 1105 505 1136 in
536 1105 670 1136 deleuit
702 1104 868 1146 Scaliger,
903 1116 964 1146 qne
993 1110 1115 1136 contra
1148 1105 1287 1137 Manilii
1320 1116 1419 1136 usum
1451 1105 1487 1136 ui
1518 1104 1701 1146 positionis

156 1156 365 1198 producens,
387 1160 428 1187 ut
442 1157 581 1197 βψω-(ιε
603 1161 719 1188 essent
747 1156 988 1188 ‘characteres
1012 1158 1189 1198 signorum
1213 1158 1246 1187 ἐν
1270 1157 1542 1196 σχεδιογραφίαισ
1566 1156 1702 1197 corpori

157 1212 310 1244 humano
332 1211 438 1253 uulgo
461 1212 606 1253 appingi
629 1211 751 1249 soliti,'
782 1214 858 1247 (Ῥὸ
884 1213 1003 1250 ceteri,
1029 1211 1323 1253 quemadmodum
1347 1222 1571 1242 numerorum
1598 1214 1702 1242 notae

153 1263 288 1304 fiyurae
323 1262 549 1304 appellantur
573 1272 612 1293 IV
635 1262 710 1294 208.
759 1264 865 1304 paulo
889 1263 1012 1294 melius
1036 1262 1101 1294 sub
1125 1262 1315 1304 figura-rum
1339 1263 1477 1293 nomine
1502 1262 1577 1303 ipsa
1603 1262 1703 1303 signa

157 1315 460 1356 intellegerentur,
504 1318 544 1346 ut
589 1323 634 1345 ΙΙΙ
676 1315 740 1346 669
781 1325 847 1355 per
890 1319 1000 1346 totas.
1026 1339 1033 1346 .
1059 1340 1066 1346 .
1088 1314 1240 1354 fissuras,
1285 1316 1348 1348 676
1390 1314 1426 1345 in
1466 1313 1604 1354 tropicis
1627 1338 1633 1344 .
1658 1338 1665 1344 .
1690 1338 1697 1344 .

147 1365 287 1407 fiyztris.
343 1365 513 1397 librorum
551 1366 729 1407 scriptura
766 1376 786 1396 a
825 1366 988 1397 Bentleio
1027 1366 1195 1397 restituta
1233 1366 1318 1407 quid
1357 1365 1552 1407 significare
1591 1365 1702 1406 possit

158 1418 299 1460 quaerit
329 1417 533 1459 Pingraeus,
572 1417 680 1448 ceteri
721 1428 790 1448 non
822 1420 1007 1458 quaerunt.
1057 1417 1143 1448 mihi
1174 1418 1367 1448 necessario
1400 1418 1449 1448 sic
1480 1416 1586 1448 uerba
1617 1416 1703 1447 acci-

158 1469 288 1511 pienda
312 1468 492 1507 uidentur,
522 1471 529 1484 ‘
543 1468 682 1510 singula
706 1468 861 1499 membra
885 1469 919 1499 in
940 1469 1012 1500 suis
1032 1479 1188 1510 quaeque
1207 1468 1409 1510 corporibus
1430 1467 1617 1510 parentia,'
1637 1478 1705 1508 quo

159 1531 261 1552 sensu
280 1519 403 1561 fiqurcz
431 1520 585 1561 positum
613 1525 667 1551 est
695 1529 731 1550 Π
764 1520 823 1554 701
854 1520 1006 1551 humana
1038 1526 1083 1551 est
1109 1520 1216 1559 siquis
1245 1520 1413 1560 discripta
1434 1521 1562 1559 siward,
1594 1528 1618 1549 v
1640 1520 1704 1550 555

159 1572 239 1613 ipsa
276 1581 357 1603 suae
395 1576 554 1603 custos..
577 1595 584 1602 .
609 1571 752 1611 fiam-ae.
801 1571 862 1602 sed
901 1571 966 1602 hoe
1004 1582 1082 1602 cum
1120 1572 1224 1612 plane
1262 1572 1412 1603 otiosum
1446 1572 1506 1608 sit,
1540 1569 1706 1611 parentia

159 1626 279 1655 autem
310 1633 412 1654 suum
445 1623 603 1664 requirat
635 1622 795 1654 datiuum
828 1633 940 1664 neque
968 1623 1155 1664 quicquam
1187 1627 1268 1664 agat
1299 1623 1360 1664 qui
1390 1623 1426 1654 in
1452 1621 1641 1663 proprias.
1665 1646 1699 1653 ..

149 1675 288 1716 fiyuras
318 1674 423 1706 scribi
454 1674 553 1712 uelit,
583 1673 698 1705 adhuc
726 1677 841 1713 teneo,
871 1674 965 1716 quod
992 1685 1083 1705 anno
1113 1675 1196 1707 1903
1221 1675 1398 1716 proposui,
1429 1674 1626 1714 singulaque
1654 1673 1702 1704 in-

1245 1728 1253 1740 1

158 1742 327 1786 <perii8>
351 1742 509 1784 propriis
534 1742 700 1783 parentia
730 1742 893 1781 membra,
927 1746 968 1774 ut
991 1742 1068 1783 piis
1099 1746 1181 1774 ante
1205 1743 1290 1784 fppz's
1317 1743 1548 1781 interciderit,
1576 1742 1704 1782 fissuris

159 1805 282 1826 uersus
298 1794 464 1836 explendi
486 1804 592 1825 causa
613 1794 776 1825 additum
799 1795 845 1825 sit
933 1794 996 1824 455
1021 1798 1229 1832 praecipuas
1248 1794 1322 1833 (ΗΡ,
1340 1797 1533 1832 praecipua
1551 1797 1618 1825 LM.
1668 1793 1704 1824 in

160 1846 280 1888 quibus
297 1845 461 1877 membris
478 1845 593 1877 sidera
605 1847 816 1886 praecipuas
832 1850 898 1876 coco
915 1845 955 1877 de
972 1856 1109 1886 corpore
1126 1846 1218 1877 uires
1233 1851 1395 1884 exercent,
1412 1846 1475 1877 hoc
1491 1849 1545 1877 est
1560 1845 1708 1876 maiores

159 1909 265 1940 quam
280 1898 316 1929 in
328 1897 474 1939 reliquis
490 1897 646 1938 corporis
663 1896 806 1928 humani
819 1896 994 1928 membris,
1044 1897 1121 1928 dico
1136 1901 1282 1939 propter
1297 1898 1431 1939 Fayum
1449 1902 1484 1929 et
1497 1897 1706 1938 Pingraeum

246 1949 309 1980 457
334 1952 485 1981 sortitus
511 1948 677 1989 Scaliger,
709 1951 860 1980 sortitur
888 1948 970 1979 libri
1059 1952 1148 1980 colla
1179 1949 1254 1980 cod.
1286 1949 1392 1987 Flon,
1422 1952 1509 1981 collo
1536 1951 1619 1979 GLM

203 2001 339 2033 Taurus
363 2000 453 2032 colla
477 2000 625 2031 sortitus
649 2003 703 2032 est
727 2011 850 2031 census
875 2000 941 2038 sui,
969 2000 1020 2031 ita
1045 2004 1085 2032 ut
1113 2011 1152 2031 ea
1176 2001 1210 2031 in
1236 2011 1340 2032 censu
1364 2011 1426 2032 suo
1449 2005 1631 2031 numeret:
1656 2000 1705 2031 sic

160 2062 189 2085 ΙΙ
208 2053 270 2085 110
285 2063 343 2084 nec
359 2051 467 2083 nostri
480 2062 624 2083 munera
641 2062 757 2083 census
845 2051 907 2081 458
932 2051 1092 2083 Bentleio
1108 2051 1259 2083 Geminis
1276 2053 1310 2083 in
1325 2052 1482 2084 Geminos
1494 2051 1703 2083 mutandum

158 2103 370 2141 uidebatur;
401 2102 463 2134 sed
493 2113 556 2134 nec
582 2103 686 2144 plane
716 2103 823 2134 simili
854 2103 990 2134 ratione
1021 2102 1154 2134 dicitur
1186 2112 1213 2134 11
1244 2104 1307 2135 268
1339 2108 1501 2144 quattuor
1526 2103 1563 2134 in
1584 2107 1704 2143 partes

158 2155 352 2188 scribuntur
379 2154 495 2186 sidera
527 2159 636 2193 terna,
671 2157 707 2185 et
735 2154 771 2185 in
804 2154 955 2185 Geminis
986 2154 1179 2185 scribuntur
1209 2155 1301 2186 idem
1333 2166 1406 2186 esse
1437 2155 1581 2186 uidetur
1610 2153 1704 2196 quod

159 2216 200 2239 1v
216 2207 280 2242 705
297 2206 457 2238 bracchia
472 2205 532 2237 sub
550 2205 702 2237 Geminis
718 2211 892 2237 censemur
981 2206 1120 2247 aequali
1140 2211 1238 2245 sorte,
1258 2206 1327 2238 duo
1348 2207 1441 2238 inter
1462 2206 1550 2238 duos
1570 2206 1703 2247 partita

245 2257 310 2289 460
333 2257 537 2290 concinnius
567 2261 660 2288 esset
689 2257 745 2288 uel
773 2258 884 2288 latera
911 2257 1135 2298 scapulaeque
1163 2258 1220 2289 1161
1245 2258 1392 2289 laterum
1418 2258 1705 2298 scapularumque

158 2320 310 2351 reynum,
337 2309 485 2341 barbare
510 2309 603 2340 enim
632 2308 748 2349 Fayus
776 2309 936 2348 scapulae
964 2319 1029 2350 pro
1056 2309 1221 2350 genetiuo
1249 2310 1401 2350 accipit;
1434 2319 1543 2350 quare
1569 2308 1702 2340 conieci

158 2362 288 2394 latera
318 2361 360 2393 in
389 2371 532 2402 refluum
561 2361 787 2401 seapulaeq‘zie
818 2360 952 2397 Leoni-s,
977 2363 979 2398 1
1010 2360 1159 2400 Viryinis
1198 2361 1233 2392 in
1267 2360 1452 2401 propriam
1490 2360 1703 2392 discedunt

159 2413 222 2445 ilia
244 2417 367 2445 sortem
391 2413 485 2452 (nam
509 2411 644 2443 discedo
668 2415 704 2443 et
728 2412 890 2443 descendo
911 2411 1033 2443 multis
1054 2411 1138 2443 loeis
1160 2412 1304 2443 confusa
1324 2417 1419 2450 sunt,
1438 2411 1538 2443 uelut
1559 2421 1604 2443 111
1626 2412 1700 2450 478,

159 2464 266 2506 Verg.
291 2464 379 2496 Aen.
407 2472 448 2495 1x
476 2463 531 2502 20,
559 2464 614 2502 40,
645 2463 728 2494 Luc.
757 2471 786 2494 11
814 2464 889 2500 392,
915 2471 960 2493 111
988 2463 1062 2501 724,
1087 2471 1127 2493 IX
1151 2464 1226 2501 419,
1250 2463 1329 2495 Val.
1357 2463 1409 2495 Fi.
1433 2472 1446 2494 1
1467 2464 1542 2502 285,
1566 2471 1606 2494 1v
1627 2463 1702 2501 645,

160 2515 250 2548 Stat.
278 2515 387 2547 Theb.
413 2523 454 2546 VI
481 2515 557 2554 620,
583 2514 681 2556 Calp.
710 2514 786 2545 buc.
813 2523 869 2545 VII
893 2514 946 2552 69,
974 2513 1112 2546 Nemes.
1139 2513 1217 2546 buc.
1245 2523 1274 2546 ΙΙ
1298 2515 1350 2553 89,
1377 2514 1419 2546 Il.
1448 2514 1525 2546 Lat.
1549 2514 1641 2553 ⁶279),
1663 2517 1704 2545 ut

160 2567 371 2599 discessione
393 2566 488 2598 facta
513 2566 582 2597 huc
606 2565 721 2597 latera
743 2569 779 2597 et
804 2565 967 2607 scapulae
990 2566 1026 2596 in
1050 2565 1175 2597 Leonis
1198 2576 1356 2608 regnum,
1382 2566 1465 2597 illuc
1489 2566 1525 2597 in
1548 2565 1707 2607 Virginis

159 2624 292 2650 sortem
307 2617 369 2650 ilia
391 2617 512 2649 uenire
533 2617 747 2656 dicerentur,
772 2616 865 2658 quod
889 2616 1131 2648 commendare
1147 2617 1336 2649 uidebatur
1352 2626 1391 2648 IV
1407 2618 1471 2652 706
1487 2622 1515 2648 te
1531 2617 1704 2658 scapulae,

160 2669 339 2709 Nemeaee,
372 2673 495 2701 uocant
524 2673 619 2710 teque
642 2668 717 2707 ilia,
743 2668 854 2708 Viryo.
903 2668 964 2699 sed
989 2679 1107 2710 parem
1130 2679 1240 2710 paene
1264 2669 1552 2710 inaequalitatem
1576 2668 1707 2700 habent

159 2732 249 2763 quae
271 2732 292 2752 a
315 2723 420 2762 poeta
443 2729 484 2752 lv
506 2721 570 2755 759
592 2730 666 2762 sqq.
692 2720 824 2761 scripta
846 2730 920 2751 esse
942 2730 1025 2751 sane
1046 2720 1228 2761 probabile
1249 2723 1314 2759 est,
1336 2719 1504 2761 Pho-yma,
1524 2719 1702 2758 Nemeaee,

156 2772 267 2813 potiri
282 2797 289 2804 .
307 2796 315 2804 .
333 2796 340 2804 .
357 2782 525 2813 regnoque
537 2771 713 2813 (reyuique
726 2770 822 2810 libri)
831 2770 962 2812 ferocis
981 2772 985 2811 Ι
1009 2771 1255 2812 Cappadocum
1266 2771 1517 2812 Armeniaeque
1530 2771 1618 2812 iuyis

201 2823 265 2855 461
289 2823 502 2856 descendunt.
556 2824 637 2855 ‘cur
653 2825 772 2854 autem
788 2823 991 2854 descendam
1011 2823 1120 2864 magis
1141 2833 1246 2864 quam
1265 2823 1491 2855 ascendant?’
1510 2823 1699 2855 Bentleius.

160 2875 296 2918 opinor,
326 2875 410 2917 quia
437 2874 522 2906 haec
549 2884 624 2906 sors
650 2877 686 2906 et
713 2874 798 2906 haec
825 2884 907 2916 pars
930 2875 1085 2916 corporis
1111 2879 1194 2906 ante
1221 2876 1500 2906 commemoratis
1523 2875 1704 2906 inferiores
