1931 3202
243 114 297 153 20
839 107 901 150 M.
933 105 1184 149 MANILII

416 236 609 277 quosque
631 220 759 262 Aries
780 233 884 275 prae
905 234 950 260 sc
973 218 1114 259 mittit
1135 217 1222 258 duo
1243 220 1442 272 tempora
1464 214 1607 256 Pisces

416 296 519 337 bina
540 295 713 336 dicant:
744 293 932 334 hiemem
954 290 1026 332 hie
1047 290 1225 340 claudit,
1248 305 1326 331 uer
1347 289 1527 331 incohat
1548 288 1670 330 alter.

415 384 513 412 cum
535 369 598 410 sol
619 366 846 423 aequoreis
866 365 1071 407 reuolans
1091 364 1287 406 decurrit
1307 364 1354 404 in
1375 362 1518 411 astris,

297 453 356 486 195
415 442 587 485 hiberni
609 443 769 483 coeunt
789 454 887 482 cum
909 439 1058 480 uernis
1078 438 1251 480 roribus
1272 437 1445 479 imbres.

416 521 603 572 utraque
624 529 717 557 sors
737 514 902 555 umoris
924 513 1058 555 habet
1078 512 1305 554 fluitantia
1325 511 1462 567 signa.

475 590 581 646 quin
602 589 690 631 tria
710 588 838 644 signa
858 601 1015 629 nouem
1039 587 1177 642 signis
1199 586 1433 628 coniuncta
1453 586 1706 640 repugna-nt

417 671 461 707 et
483 663 607 720 quasi
628 662 786 705 seditio
807 661 973 704 caelum
995 663 1129 703 tenet.
1192 660 1336 716 aspice
1357 660 1551 700 Taurum

416 738 618 781 clunibus
639 741 684 779 et
704 727 912 778 Geminos
933 735 1129 791 pedibus,
1151 734 1374 776 testudine
1397 733 1613 775 Cancrum

293 823 358 856 200
416 826 605 868 surgere,
626 826 726 853 cum
747 810 878 853 rectis
900 810 1103 852 oriantur
1123 811 1269 851 cetera
1289 807 1519 858 membris3

416 902 470 928 ne
492 886 649 927 mirere
670 899 815 926 moras
835 898 934 926 cum
957 883 1019 925 sol
1042 897 1197 924 auersa
1217 897 1295 938 per
1315 886 1437 924 astra

243 1017 512 1048 conuenienter:
537 1016 624 1048 Hor.
644 1015 746 1057 epist.
767 1023 797 1046 11
813 1015 834 1046 2
852 1015 912 1046 188
930 1025 978 1056 sq.
996 1013 1032 1045 in
1048 1023 1155 1045 unum
1174 1012 1178 1054 Ι
1200 1013 1355 1054 quodque
1370 1016 1474 1053 caput
1489 1011 1583 1043 uoltu
1598 1008 1783 1046 mutabitis,

242 1078 331 1110 quae
354 1070 448 1099 recte
471 1068 523 1099 ita
546 1066 713 1099 distinxit
737 1065 1001 1098 Doederleinus.
1050 1076 1142 1097 noua
1163 1065 1248 1096 dant
1269 1063 1462 1096 Salmasius
1482 1062 1526 1094 de
1547 1072 1602 1094 an.
1629 1061 1722 1093 clim.
1749 1070 1782 1101 p.

242 1120 317 1158 320,
344 1129 413 1161 quo
439 1118 630 1161 significari
656 1117 736 1149 uult
766 1119 918 1149 ‘nouum
945 1120 1085 1158 tempus
1112 1115 1382 1158 auspicantur⁷;
1416 1114 1555 1146 mittunt
1581 1113 1656 1145 sine
1682 1121 1785 1144 sensu

243 1170 367 1203 idoneo
391 1170 544 1202 editores
567 1174 650 1201 ante
674 1168 841 1201 Iacobum
931 1168 993 1199 193
1017 1168 1144 1200 dicant.
1194 1167 1286 1200 Non.
1312 1177 1346 1209 p.
1373 1167 1439 1199 292
1464 1165 1594 1204 dicare,
1619 1164 1784 1201 indicare,

241 1222 411 1254 nuntiare.
460 1221 617 1254 Lucilius
639 1220 695 1253 tib.
718 1228 805 1251 XXX
826 1220 932 1253 sicubi
954 1220 1003 1252 ad
1025 1219 1123 1251 auris
1143 1219 1146 1261 Ι
1159 1219 1267 1261 sama
1290 1223 1386 1250 tuam
1403 1227 1561 1259 puynam
1584 1216 1717 1248 claram
1739 1214 1788 1246 mi

244 1273 366 1306 adlata
396 1273 550 1305 dicasset.
591 1283 713 1305 comm.
748 1272 842 1305 Ptol.
876 1276 959 1304 tetr.
994 1282 1028 1313 p.
1062 1271 1105 1303 29
1137 1272 1261 1309 δίσωμα
1291 1271 1575 1311 προσαγορεύεται,
1608 1267 1788 1306 σημαίνει

242 1327 306 1366 ’γὰρ
333 1327 386 1356 καὶ
412 1327 640 1366 παρωχηκυῖαν
672 1327 755 1365 ὥραν
786 1326 839 1356 καὶ
870 1325 1052 1360 μέλλουσαν
1151 1324 1208 1354 hic
1239 1321 1380 1353 addidit
1409 1320 1603 1358 Bentleius,
1633 1317 1728 1361 quod
1758 1318 1789 1349 si

242 1377 477 1408 necessarium
503 1387 577 1408 esse
608 1376 742 1415 dixero,
775 1375 980 1408 clamabunt
1010 1385 1080 1406 uno
1111 1384 1170 1406 ore
1200 1376 1376 1415 quotquot
1401 1372 1532 1414 ubique
1558 1373 1643 1403 sunt
1668 1368 1788 1402 Iacobi

242 1428 405 1460 Becherti
432 1428 584 1459 Breiteri
611 1428 699 1459 alter
725 1438 767 1459 ex
795 1426 988 1469 posteriore
1016 1424 1172 1456 membro
1198 1434 1300 1466 posse
1326 1423 1464 1461 audiri;
1498 1423 1625 1461 locum,
1651 1420 1713 1453 ubi
1739 1420 1788 1452 sic

242 1479 421 1519 audiatur,
445 1490 514 1511 non
536 1479 699 1511 adferent
788 1478 851 1509 194
871 1476 1047 1519 aequorei-3
1068 1476 1183 1514 astris,
1209 1475 1370 1508 Piscibus
1383 1487 1392 1513 ;
1427 1474 1521 1506 idem
1544 1472 1789 1515 significantur

242 1542 275 1563 u.
305 1532 366 1564 196
470 1530 531 1561 195
555 1541 631 1562 cum
654 1530 870 1572 praepositio
972 1530 1093 1560 uernis
1116 1531 1160 1566 M,
1188 1531 1312 1559 uertus
1327 1529 1361 1565 L,
1387 1535 1451 1558 uer
1473 1529 1558 1557 tunc
1580 1523 1643 1556 GL2

287 1585 426 1614 roribus
453 1581 619 1624 Scaliger,
649 1584 787 1614 roboris
816 1580 899 1612 libri
989 1579 1051 1610 196
1082 1588 1158 1611 sors
1185 1581 1319 1611 umoris
1346 1577 1511 1619 Scaliger,
1545 1585 1686 1608 sursum
1715 1578 1789 1608 oris

243 1634 336 1666 libri.
385 1644 468 1673 sors,
501 1644 621 1675 genus,
654 1633 802 1675 Anglice
836 1631 954 1670 ‘sortss
987 1635 1027 1663 ut
1057 1641 1090 1662 u.
1121 1631 1187 1662 222
1273 1630 1372 1671 siqua
1398 1629 1516 1661 Pisces
1546 1629 1661 1660 minus
1693 1631 1789 1659 recte

244 1685 469 1728 appellantur
499 1695 605 1726 quam
635 1689 733 1716 astra
763 1687 800 1716 et
830 1684 945 1715 sidera
972 1687 1008 1715 et
1035 1682 1204 1724 singulari
1231 1691 1376 1712 numero
1402 1680 1547 1720 sianum,
1576 1689 1658 1711 nam
1684 1678 1789 1710 aliter

244 1737 410 1770 Geminos
432 1736 548 1768 nautis
573 1736 759 1768 laetissima
782 1735 881 1776 simia
902 1734 1131 1766 Germanicus
1152 1733 1241 1765 dicit
1263 1733 1389 1775 phaen.
1417 1733 1503 1770 5413
1527 1731 1588 1763 sed
1611 1731 1663 1763 ita
1685 1730 1784 1763 anth.

246 1789 323 1821 Lat.
353 1788 445 1820 Ries.
471 1788 534 1820 623
558 1789 577 1821 6
605 1787 728 1826 Pisces,
753 1787 821 1818 cluo
844 1786 943 1827 sz'fflza
966 1785 1025 1817 snb
1048 1795 1127 1823 uno,
1153 1784 1256 1817 Ouid.
1282 1784 1364 1816 fast.
1384 1793 1414 1815 11
1437 1783 1566 1815 458-60
1589 1782 1702 1814 Piscis
1725 1806 1734 1814 .
1751 1807 1759 1814 .
1777 1807 1784 1814 .

244 1846 273 1872 te
295 1866 301 1872 .
323 1865 329 1871 .
352 1864 359 1872 .
379 1839 600 1880 fratremque
625 1845 731 1877 tuum,
756 1849 839 1870 ‘nam
863 1838 978 1869 iuncta
1003 1836 1138 1868 micatis
1158 1836 1162 1877 Ι
1183 1836 1281 1876 siqua
1381 1834 1530 1866 197-202
1556 1844 1680 1866 auersa
1703 1838 1788 1865 sunt

246 1896 281 1924 et
298 1891 466 1923 orientem
487 1892 650 1933 spectant
668 1890 749 1929 tria,
773 1890 910 1921 Taurus
931 1888 1069 1920 Gemini
1092 1887 1225 1920 Cancer
1313 1886 1375 1918 197
1397 1889 1483 1924 quin
1504 1886 1669 1927 Scaliger,
1694 1888 1789 1923 quod

245 1943 338 1981 libri,
362 1943 461 1974 cuius
484 1942 602 1974 mendi
623 1952 727 1973 causa
748 1941 962 1983 perspicitur
983 1951 1016 1971 u.
1042 1940 1116 1971 223.
1165 1949 1377 1980 quamquam
1398 1937 1596 1969 conferenti
1616 1937 1702 1968 mihi
1723 1937 1787 1970 527

245 1995 335 2036 quod
351 1996 420 2026 tria
435 1994 533 2035 sisyna
549 1993 657 2025 tribus
673 1993 778 2034 siquis
794 1991 971 2024 contraria
978 1991 1116 2032 sulqent
1135 1993 1171 2022 et
1192 1992 1257 2021 244
1275 2001 1326 2031 sq.
1346 2000 1404 2021 nec
1419 1994 1456 2020 tzt
1472 1989 1569 2020 nulla
1584 1993 1683 2029 putes
1699 1988 1735 2020 in
1751 1998 1787 2020 eo

245 2050 431 2079 commenta
460 2046 584 2077 locasse
604 2045 608 2086 Ι
629 2049 794 2076 naturam
823 2054 950 2082 rerum,
981 2043 1070 2083 quod
1097 2047 1174 2074 sunt
1201 2041 1375 2074 currentia
1405 2041 1578 2081 quaedam
1607 2039 1787 2072 interdum

246 2097 461 2140 probabilius
491 2096 636 2128 uidetur
666 2095 886 2128 intercidisse
917 2105 1057 2126 uersum
1095 2093 1307 2132 huiusmodi,
1339 2091 1457 2134 <quin
1487 2091 1591 2124 etiam
1627 2091 1690 2123 illa
1727 2091 1789 2123 tibi

246 2150 386 2182 memori
402 2159 454 2180 res
470 2154 576 2180 mente
596 2148 752 2180 notanda
771 2146 854 2189 est,>
873 2147 964 2188 quod
1052 2147 1240 2178 coniuncta
1261 2144 1334 2184 GL2’,
1359 2147 1453 2182 quod
1474 2147 1597 2176 iuncta
1615 2146 1650 2183 L,
1675 2154 1787 2186 neque

246 2201 342 2233 aliud
374 2200 489 2231 uoluit
519 2202 563 2231 Μ.
619 2199 810 2237 coniuncta,
843 2198 1071 2230 continuata:
1110 2196 1216 2237 siqui-s
1245 2207 1265 2228 a
1299 2200 1492 2237 repngynaozt
1527 2194 1658 2236 pendet

291 2251 352 2283 199
383 2251 533 2284 clunibus
563 2251 700 2283 Taurus
724 2253 832 2289 caret,
865 2249 924 2291 qui
950 2249 1106 2287 ἡμίτομὸσ
1137 2250 1206 2280 ἐστι
1237 2249 1289 2279 καὶ
1317 2249 1396 2278 τοὺσ
1427 2248 1596 2279 ὀπισθίουσ
1619 2248 1679 2286 οὐχ
1704 2248 1786 2286 ἔχων

248 2306 362 2342 πόδασ,
397 2306 438 2335 ut
468 2303 520 2334 ait
547 2302 752 2334 scholiastes
783 2303 884 2333 Arat.
919 2301 992 2339 167,
1021 2301 1107 2331 item
1138 2299 1288 2332 Ouidius
1314 2299 1396 2330 fast.
1431 2307 1471 2330 IV
1502 2299 1564 2333 717
1595 2309 1643 2340 sq.
1680 2308 1787 2330 uacca

246 2356 288 2387 sit
314 2365 362 2387 an
387 2359 510 2386 taurus
536 2364 602 2386 non
627 2358 673 2386 est
696 2362 887 2394 coqnoscere
912 2356 1131 2392 promptum:
1151 2351 1156 2391 Ι
1175 2361 1260 2391 pars
1283 2350 1384 2391 prior
1410 2355 1569 2390 apparet,
1596 2349 1787 2391 posteriora

245 2408 369 2445 Zatent3
408 2406 468 2438 sed
499 2405 620 2437 eodem
652 2415 767 2437 errore
794 2404 940 2436 caudam
972 2404 1004 2435 ei
1034 2405 1274 2444 apposuerunt
1305 2401 1484 2433 Nicander
1513 2401 1603 2432 ther.
1640 2401 1703 2432 122
1733 2411 1782 2443 sq.

245 2461 279 2489 αἵ
302 2458 328 2490 θ’
355 2459 416 2489 ὑπὸ
439 2459 559 2497 Ταύρου
579 2457 582 2498 Ι
605 2458 740 2495 ἀλκαίην
765 2458 934 2496 ψαὶρουσαι
961 2456 1113 2492 ὀλίζωνεσ
1139 2455 1307 2494 φορέονται
1331 2457 1377 2489 et,
1402 2463 1488 2494 quos
1516 2452 1670 2494 Scaliger
1696 2463 1785 2484 com·

246 2509 465 2547 memorauit,
491 2508 680 2540 Vitruuius
703 2516 743 2539 lx
770 2508 790 2539 3
820 2509 835 2538 1
855 2506 1081 2548 proyrectitur
1105 2505 1153 2537 ad
1177 2505 1325 2537 caudam
1356 2503 1468 2536 Tauri
1488 2507 1524 2535 et
1549 2503 1685 2536 Plinius
1708 2504 1781 2535 n.h.

246 2570 273 2592 11
297 2561 358 2593 110
378 2560 415 2592 in
431 2560 543 2592 cauda
569 2559 679 2591 Tauri
700 2563 824 2600 septem
845 2568 931 2599 quas
952 2557 1170 2598 appellauere
1201 2556 1367 2596 Veryilias
1455 2555 1631 2594 testudine,
1655 2556 1782 2595 χελείῳ,

246 2614 346 2644 Arat.
377 2612 441 2644 494
467 2622 518 2653 sq.
548 2612 654 2648 τέμνει
682 2635 689 2642 .
711 2635 718 2642 .
741 2634 748 2641 .
780 2611 930 2650 ὑπένερθε
957 2610 1086 2649 χελείου
1107 2610 1111 2649 Ι
1131 2609 1290 2648 Καρκίνον
1387 2606 1448 2637 201
1477 2616 1521 2638 ne
1550 2609 1621 2646 LM,
1653 2615 1716 2638 nec
1746 2609 1781 2638 G.

245 2674 287 2695 ne
318 2664 409 2695 forte
440 2663 576 2701 mirere,
610 2666 651 2693 ut
675 2670 687 2693 1
720 2662 795 2700 859,
829 2670 858 2692 11
890 2662 964 2698 951,
998 2661 1061 2692 423
1093 2659 1168 2698 (ubi
1205 2660 1335 2690 iterum
1366 2661 1392 2690 G
1428 2660 1512 2697 nee),
1546 2667 1587 2689 lv
1616 2658 1680 2690 393
1711 2657 1786 2697 (ubi

245 2715 338 2746 solus
365 2717 398 2746 Μ
425 2724 465 2746 ηε
488 2715 669 2752 seruauit).
719 2712 802 2744 uide
824 2722 914 2754 quae
937 2716 975 2743 at
1003 2720 1015 2743 1
1043 2712 1105 2745 557
1133 2710 1303 2742 adnotaui
1391 2718 1520 2741 auersa
1547 2709 1702 2751 Scaliger
1727 2709 1781 2741 ed.

249 2768 275 2804 l,
305 2769 456 2798 aduersa
482 2765 575 2803 libri,
601 2764 695 2806 quod
719 2774 797 2795 cum
821 2764 870 2795 sic
894 2762 1055 2794 defendit
1078 2761 1268 2799 Bendeius,
1299 2761 1455 2792 ‘Taurus
1478 2760 1619 2802 quidem
1643 2771 1786 2792 auersus

246 2818 370 2858 surgit,
397 2816 457 2849 sed
480 2816 524 2848 ob
548 2816 583 2848 id
609 2816 723 2857 ipsum
748 2815 799 2847 sol
822 2815 1009 2846 aduersum
1031 2824 1110 2845 eum
1135 2816 1171 2845 et
1194 2823 1214 2844 a
1237 2812 1354 2844 fronte
1377 2812 1552 2851 incurrit,’
1575 2812 1724 2850 fallitur,
1751 2812 1786 2843 in

244 2879 394 2900 errorem
425 2867 591 2899 inductus
621 2866 665 2899 ab
693 2866 820 2899 Ouidio
851 2869 932 2898 met.
969 2874 997 2897 11
1030 2865 1083 2903 80,
1116 2864 1159 2896 de
1190 2874 1259 2906 quo
1286 2864 1360 2895 loco
1392 2863 1467 2895 dixi
1497 2863 1542 2895 ad
1573 2872 1586 2895 1
1613 2864 1678 2896 5264
