1931 3202
214 131 268 169 72
811 127 873 170 Μ.
906 127 1157 170 MANILII

385 239 446 282 sic
467 243 511 281 et
531 238 802 295 simplicibus
823 238 961 294 signis
982 241 1073 280 stat
1095 237 1237 279 forma
1259 237 1499 293 quadrata3

263 322 326 354 665
386 328 487 354 nam
510 327 650 368 neque
672 313 843 354 Taurus
865 312 999 354 habet
1020 312 1235 361 comitem,
1257 326 1336 354 nec
1358 312 1559 368 iungitur
1580 312 1657 353 ulli

386 387 630 429 horrendus
651 386 748 436 Leo,
770 401 849 428 nec
872 386 1031 428 metuit
1051 386 1144 427 sine
1166 399 1353 442 conpare
1375 400 1638 442 quemquam

386 460 602 517 Scorpius,
624 463 757 516 atque
779 474 866 502 uno
886 463 1089 502 censetur
1110 460 1332 516 Aquarius
1354 464 1484 502 astro.

386 535 446 577 sic
469 548 766 590 quaecumque
787 537 968 575 manent
989 533 1203 589 quadrato
1224 533 1401 576 condita
1422 534 1586 590 templo

386 609 513 665 signa
534 623 684 664 parem
706 607 907 650 referunt
927 608 1122 649 numeris
1143 611 1222 649 aut
1242 611 1438 664 tempore
1460 612 1621 650 sortem

264 692 328 725 670
386 697 435 724 ac
457 682 596 724 ueluti
618 685 806 738 cognata
826 685 1008 723 manent
1029 681 1111 723 sub
1132 681 1306 723 foedere
1328 682 1419 723 tali.

386 757 546 798 idcirco
567 755 734 797 adfines
755 755 934 812 signant
954 755 1251 812 gradibusque
1272 756 1531 812 propinquis

386 829 600 873 accedunt
621 843 794 885 unaque
816 833 970 872 tenent
990 829 1072 871 sub
1093 830 1286 884 imagine
1307 834 1444 871 natos.

387 904 557 960 longior
578 904 624 944 in
644 904 839 959 spatium
859 907 1061 960 porrecta
1083 907 1149 945 est
1170 903 1286 945 linea
1307 904 1449 945 maius

387 992 498 1034 quae
519 977 661 1020 tribus
683 978 869 1020 emensis
890 977 1027 1033 signis
1048 977 1157 1020 facit
1178 981 1300 1020 astra
1320 978 1507 1033 trigona.

264 1062 328 1095 675
387 1053 494 1095 haec
515 1051 571 1094 ad
593 1052 809 1094 amicitias
830 1052 1057 1094 imitantes
1079 1052 1176 1093 iura
1197 1051 1470 1108 gradumque

213 1240 353 1270 textum
369 1240 427 1269 m
444 1242 478 1268 et
499 1247 671 1279 suprascr.
686 1247 778 1268 man.
795 1237 810 1268 1
832 1239 868 1276 G,
889 1239 1041 1268 mixtum
1062 1240 1096 1269 G.
1147 1241 1187 1269 ut
1207 1236 1263 1269 hic
1285 1247 1430 1278 corpora
1450 1241 1543 1269 textu
1565 1237 1600 1268 in
1623 1247 1761 1279 corpore

215 1294 353 1328 textum,
375 1288 424 1320 sic
443 1288 515 1321 Cic.
531 1289 657 1330 phaen.
673 1289 739 1320 464
759 1288 893 1320 lumina
914 1288 1017 1330 lapsu
1037 1288 1074 1320 in
1096 1288 1224 1320 lumine
1247 1288 1383 1329 lapsum
1406 1292 1582 1320 mutatum
1608 1293 1672 1328 est,
1698 1299 1761 1321 nec

215 1351 293 1372 raro
309 1340 474 1372 similiter
489 1344 666 1382 peccatur.
716 1338 934 1372 Centaurum
951 1339 1020 1371 duo
1037 1350 1182 1382 corpora
1198 1340 1326 1372 habere
1342 1341 1443 1372 aiunt
1460 1340 1640 1382 astrologi,
1659 1349 1763 1382 negat

215 1392 407 1431 Breiterus,
433 1392 494 1434 qui
517 1391 631 1423 leuem
656 1390 772 1423 Ellisii
795 1391 1034 1423 coniecturam
1057 1394 1238 1433 tamquam
1264 1402 1362 1423 suam
1386 1391 1542 1434 profert:
1572 1391 1662 1424 idem
1688 1392 1762 1424 licet

215 1444 473 1485 interpretatur
500 1442 685 1481 ‘obwohl,'
711 1453 843 1475 cernere
868 1442 1084 1475 infinitiuum
1109 1443 1203 1474 unde
1227 1454 1434 1485 suspensum
1457 1446 1561 1485 putet
1583 1454 1653 1475 non
1677 1443 1764 1475 dicit

301 1494 451 1526 664-667
476 1494 690 1526 describitur
720 1494 933 1536 simplicium
964 1495 1143 1536 signorum
1171 1494 1394 1536 quadratum.
1443 1505 1655 1536 quamquam
1682 1495 1761 1526 sim-

215 1546 323 1588 plicia
343 1547 429 1585 siue,
448 1550 490 1578 ut
506 1555 536 1578 11
556 1547 616 1578 158
638 1545 878 1588 appellantur,
897 1546 1037 1588 singula
1057 1546 1156 1588 signa
1175 1549 1310 1588 septem
1330 1550 1414 1578 sunt
1435 1556 1593 1584 flumem,
1615 1556 1764 1588 quorum

216 1599 303 1630 haec
328 1602 498 1640 quattuor
523 1608 564 1629 ea
589 1602 672 1629 sunt
697 1607 786 1638 quae
812 1597 938 1629 Graeci
963 1599 1078 1638 στερεά
1105 1602 1291 1640 usurpant,
1321 1598 1421 1629 uelut
1448 1597 1544 1630 Sext.
1567 1608 1657 1640 emp.
1680 1600 1764 1638 πρὸσ-

217 1651 310 1690 ἀστρ.
341 1650 379 1681 ll
413 1650 527 1690 στερεὰ
556 1650 589 1680 δὲ
617 1650 816 1688 ὑπειλήφασι
847 1650 966 1689 Ταῦρόν
994 1662 1029 1680 τε
1057 1651 1110 1680 καὶ
1137 1650 1174 1681 τὸ
1201 1651 1397 1690 διαμετροῦν,
1422 1651 1570 1680 τουτέστι
1593 1651 1763 1688 Σκορπὶον,

218 1702 344 1733 Λέοντα
361 1703 413 1732 καὶ
425 1700 611 1741 ’Τδροχόον,
629 1711 699 1742 quo
715 1700 855 1732 nomine
871 1700 1063 1742 significari
1082 1704 1230 1742 putatur
1250 1704 1444 1742 perpetuus
1463 1711 1526 1732 nec
1543 1701 1764 1742 interruptus

217 1753 348 1785 umoris
375 1753 546 1784 siccitatis
571 1751 697 1784 caloris
722 1751 864 1794 frigoris
889 1757 991 1784 tenor
1014 1752 1074 1794 qui
1098 1752 1170 1784 sole
1194 1763 1234 1784 ea
1257 1752 1357 1794 signa
1380 1757 1607 1794 percurrente
1631 1753 1763 1784 seruari

217 1804 351 1836 soleat:
377 1803 497 1836 Latini
518 1806 666 1835 uertunt
686 1803 810 1842 solida,
834 1807 875 1835 ut
896 1802 1003 1835 Firm.
1021 1813 1050 1835 11
1070 1804 1113 1835 22
1130 1805 1161 1842 8,
1180 1803 1279 1836 anth.
1294 1803 1373 1835 Lat.
1389 1803 1482 1835 Ries.
1498 1805 1561 1836 640
1577 1804 1598 1835 2
1614 1805 1759 1842 (Auson.

218 1856 293 1894 382,
320 1855 416 1897 Peip.
433 1866 466 1897 p.
486 1856 574 1894 102),
596 1855 702 1887 schol.
719 1854 884 1887 German.
902 1854 1023 1897 Breys.
1040 1866 1074 1897 p.
1093 1856 1153 1889 107
1174 1856 1194 1887 9
1282 1855 1345 1886 665
1368 1864 1431 1887 nec
1455 1857 1618 1893 iungitur
1640 1858 1677 1894 G,
1700 1864 1763 1887 nec

218 1909 380 1946 pingitur
402 1910 436 1945 L,
462 1915 506 1938 ne
528 1909 686 1945 cing-itur
709 1909 743 1938 M
830 1905 894 1937 666
917 1915 1080 1945 compare
1102 1906 1296 1938 Doruillius
1316 1906 1362 1938 ad
1383 1906 1610 1939 Charitonem
1631 1916 1665 1948 p.
1686 1907 1759 1944 372,

219 1967 364 1997 corpore
395 1957 488 1997 libri,
521 1958 644 1990 meruit
675 1957 739 1990 sibi
768 1963 895 1990 nectere
926 1957 1118 1990 Bentleius.
1169 1958 1332 1990 comitem
1363 1957 1528 2000 Scorpius
1559 1969 1628 1989 non
1659 1957 1765 1990 habet

219 2020 283 2042 nec
299 2013 417 2041 tamen
433 2009 512 2041 ideo
525 2020 735 2051 quemquam
751 2009 893 2048 metuit,
909 2020 986 2041 cum
1004 2010 1091 2042 satis
1107 2020 1169 2052 per
1184 2020 1220 2042 se
1236 2009 1486 2041 formidulosus
1499 2009 1556 2041 sit.
1606 2015 1764 2050 corporat

220 2072 283 2103 pro
296 2066 472 2101 comparat
485 2061 631 2103 praebet
644 2061 718 2093 cod.
736 2060 900 2093 Cantabr.
918 2071 1006 2093 saec.
1023 2070 1047 2092 x
1061 2061 1096 2093 in
1114 2061 1244 2093 Culicis
1257 2071 1361 2093 uersu
1372 2061 1436 2093 205
1525 2060 1587 2092 667
1601 2064 1765 2093 censetur

219 2112 304 2151 ΠΜ,
322 2116 510 2145 censentur
525 2115 584 2144 GL.
633 2123 700 2144 uno
720 2117 870 2144 censetur
891 2117 982 2145 astro
1005 2112 1125 2144 eodem
1147 2112 1250 2144 modo
1274 2112 1406 2144 dicitur
1428 2123 1497 2154 quo
1521 2112 1631 2154 capite
1654 2112 1765 2150 cen.si;

220 2164 310 2196 nihil
341 2174 464 2196 census
494 2163 601 2196 habet
630 2167 772 2205 praeter
805 2174 914 2195 unum
942 2169 1089 2196 astrum.
1138 2173 1183 2196 111
1214 2165 1274 2198 127
1306 2164 1450 2205 septima
1477 2169 1628 2196 cen-§etur
1653 2164 1765 2196 saeuis

221 2215 394 2248 horrenda
411 2215 550 2256 periclis
639 2215 701 2246 668
725 2215 898 2256 quadrato
922 2216 1044 2257 templo
1067 2221 1187 2247 utrum
1211 2215 1303 2247 idem
1325 2216 1372 2247 sit
1394 2215 1488 2257 quod
1509 2216 1573 2247 684
1592 2215 1627 2246 in
1646 2221 1765 2256 partes

221 2266 328 2299 diuisi
343 2271 504 2309 quattuor
519 2266 609 2298 orbis
624 2266 868 2308 significetque
884 2267 971 2298 caeli
987 2267 1174 2299 circuitum
1193 2266 1446 2308 quadrifariam
1472 2266 1636 2304 diuisum,
1661 2277 1706 2298 an
1730 2267 1765 2298 id

223 2317 387 2350 ostendat
408 2317 501 2360 quod
524 2317 702 2351 C.C.A.G.
723 2327 737 2350 1
757 2329 791 2360 p.
814 2319 875 2350 154
898 2319 919 2350 2
941 2329 992 2360 sq.
1012 2320 1212 2359 τετράγωνον
1235 2320 1390 2358 ζῳδιακὴν
1414 2320 1566 2359 πλευράν,
1587 2328 1656 2349 non
1679 2318 1766 2350 satis

223 2369 356 2411 liquere
373 2369 446 2401 dixi
463 2368 508 2401 acl
525 2378 554 2401 11
568 2370 631 2402 354
719 2369 782 2400 669
798 2369 948 2402 numeris
965 2381 1148 2411 corporum
1171 2370 1226 2402 uel
1248 2370 1442 2412 duplicium
1458 2369 1512 2401 uel
1531 2369 1743 2411 simplicium
1757 2382 1766 2407 ;

224 2426 369 2462 tempore
385 2421 469 2452 anni
485 2420 655 2453 cardinali
671 2422 745 2452 siue
762 2421 898 2463 tropico
994 2421 1057 2453 671
1081 2424 1251 2460 gradibus
1274 2421 1468 2460 Dulcinius,
1492 2423 1664 2459 grauibus
1685 2420 1765 2452 libri

310 2471 373 2504 672
389 2472 562 2511 accedunt,
581 2483 656 2504 sese
671 2472 882 2515 adiungunt,
897 2475 938 2504 ut
954 2473 1003 2505 eis
1019 2474 1157 2514 prosint
1172 2473 1393 2515 faueantque.
1444 2471 1526 2504 uide
1541 2473 1604 2504 848
1620 2472 1766 2504 succedit

310 2534 381 2555 una
396 2523 455 2556 sub
472 2523 620 2564 imaqine
636 2529 744 2562 natos,
761 2524 883 2556 natiua
896 2524 997 2556 faciei
1014 2524 1247 2556 similitudine
1263 2525 1426 2566 insignes,
1442 2534 1531 2565 quae
1547 2523 1766 2565 cognationis

224 2574 331 2606 index
355 2578 418 2607 est.
468 2584 493 2606 v
515 2576 579 2607 408
603 2575 738 2607 institor
761 2585 947 2616 aequoreae
969 2576 1073 2607 uaria
1093 2576 1152 2608 sub
1175 2575 1321 2616 imayz‘ne
1345 2575 1477 2614 mercis,
1503 2575 1618 2607 Germ.
1636 2575 1761 2616 phaen.

225 2626 289 2658 354
311 2626 495 2667 intercepta
509 2626 600 2667 perit
615 2626 712 2658 nulla
729 2626 788 2658 sub
805 2626 953 2667 imayine
967 2627 1114 2668 sorma3
1139 2627 1229 2659 adde
1251 2627 1346 2659 Man.
1364 2635 1377 2658 1
1403 2626 1474 2665 121,
1496 2626 1568 2659 839.
1619 2625 1765 2658 Iacobus

225 2681 261 2708 et
278 2677 466 2716 Breiterus,
488 2688 566 2709 cum
583 2677 737 2709 fumosas
753 2678 924 2709 maiorum
945 2679 1112 2720 imagines
1129 2678 1326 2720 similiaque
1342 2688 1378 2710 se
1395 2677 1509 2719 legere
1525 2677 1766 2709 meminissent

226 2738 288 2760 nec
310 2727 436 2760 Latine
457 2729 600 2768 seirent,
619 2729 781 2770 imaginis
804 2739 899 2768 uoce,
919 2729 1088 2771 singulari
1104 2740 1249 2761 numero
1268 2730 1394 2771 posita,
1413 2729 1561 2760 maiores
1577 2727 1767 2770 significari

223 2779 436 2818 uoluerunt3
467 2779 649 2811 Bentleius
680 2790 771 2811 uno.
794 2805 800 2811 .
823 2805 829 2812 .
849 2780 892 2812 ab
924 2781 1100 2821 sanquine,
1137 2780 1330 2822 Pingraeus
1364 2780 1406 2811 ab
1441 2779 1570 2820 oriyine
1603 2779 1761 2817 nouauit,

224 2830 351 2871 quibus
378 2831 588 2862 coniecturis
615 2831 911 2872 praepositionem
939 2836 1033 2863 certe
1056 2831 1130 2864 sine
1154 2842 1258 2863 causa
1282 2831 1413 2863 mutari
1437 2830 1613 2862 docebunt
1636 2839 1665 2862 11
1689 2830 1762 2868 680,

224 2889 237 2912 1
266 2882 339 2920 147,
365 2890 389 2913 v
413 2883 476 2914 646
565 2881 626 2913 675
652 2882 822 2914 imitantes
849 2882 929 2914 iura
953 2883 1142 2925 sanquinis,
1167 2883 1261 2915 Petr.
1288 2884 1330 2916 80
1354 2883 1374 2915 6
1399 2881 1662 2914 uetustissimam
1689 2891 1762 2914 con—
