1931 3202
637 94 1122 138 ASTRONOMICON
1164 95 1212 137 II
1645 100 1697 138 41

329 207 444 263 quod
466 207 502 248 si
524 206 640 248 forte
662 207 780 255 libet,
804 221 915 262 quae
936 209 1041 248 sunt
1062 207 1295 255 contraria,
1316 208 1443 263 signa

329 296 406 337 per
425 281 581 322 titulos
602 280 820 322 celebrare
842 295 943 322 suos
964 280 1185 336 sedesque,
1207 285 1427 323 memento

326 355 564 397 solstitium
585 355 778 403 brumae,
801 354 1119 410 Capricornum
1141 369 1359 411 opponere
1380 354 1561 404 Cancro,

204 438 269 470 405
328 428 595 484 Lanigerum
618 428 776 470 Librae
797 430 899 484 (par
920 443 1008 470 nox
1030 429 1076 469 in
1098 431 1285 485 utroque
1306 429 1485 485 diesque
1507 432 1603 481 est),

329 502 525 544 Piscibus
547 503 781 558 Erigonen,
803 502 1041 558 iuuenique
1064 517 1288 559 urnaeque
1310 503 1499 545 Leonem
1517 518 1524 553 ;

331 576 532 632 Scorpios
554 591 576 617 e
598 591 769 618 summo
790 591 888 618 eum
911 575 1070 632 fulget,
1090 577 1262 618 Taurus
1283 577 1330 618 in
1352 577 1440 619 imo
1461 580 1538 626 est,

330 653 374 692 et
393 650 512 692 cadit
532 650 833 705 Arquitenens
854 650 1051 692 Geminis
1072 651 1316 693 orientibus
1336 651 1440 693 orbi.

333 724 587 778 [obseruant
609 724 726 765 inter
745 739 839 765 sese
860 725 1083 771 contraria
1103 726 1286 780 cursus]

206 803 270 840 410
330 798 417 847 sed,
439 813 705 854 quamquam
729 797 925 840 aduersis
947 797 1124 854 fulgent
1145 800 1367 841 contraria
1387 800 1537 856 signis,

331 875 492 914 natura
511 875 661 914 tamen
682 871 905 913 interdum
928 872 1093 914 sociata
1115 873 1333 923 feruntur,

332 950 377 988 et
397 961 555 1002 genere
576 946 794 1002 amplexis
814 947 1048 988 concordia
1074 951 1229 988 mutua
1250 948 1418 1004 surgit:

158 1058 349 1098 discordes,
387 1058 424 1091 id
458 1070 478 1090 a
512 1059 737 1101 planetarum
770 1059 946 1100 positione
980 1059 1123 1101 pendet,
1161 1070 1250 1101 quae
1285 1060 1502 1102 temporibus
1536 1060 1704 1092 uariatur.

159 1110 295 1143 Gemin.
318 1111 404 1153 isag.
429 1110 450 1142 2
472 1111 492 1143 6
513 1113 546 1142 αἱ
568 1112 630 1142 τῶν
654 1109 794 1151 ἀστέρων
818 1113 936 1150 ἐποχαὶ
958 1110 992 1142 ἐν
1013 1113 1084 1142 τοῖσ
1105 1113 1186 1142 κατὰ
1213 1112 1378 1153 διάμετρον
1402 1113 1527 1151 ζῳδίοισ
1551 1114 1630 1143 κατὰ
1655 1114 1715 1144 τὸν»

160 1164 254 1194 αὐτὸν
273 1164 381 1203 καιρὸν
398 1164 450 1193 καὶ
466 1164 687 1202 συνωφελοῦσι
702 1164 753 1194 καὶ
766 1164 1013 1201 συμβλάπτουσι
1030 1164 1094 1194 τὰσ
1109 1164 1258 1202 ’γενέσεισ
1271 1165 1351 1194 κατὰ
1368 1165 1431 1195 τὰσ
1447 1165 1710 1205 παραδεδομένασ

160 1215 313 1252 δυνάμεισ
328 1215 392 1245 τῶν
408 1215 562 1254 ἀστέρων,
583 1213 710 1255 Porpli.
732 1214 816 1255 isag.
837 1224 870 1255 p.
894 1215 955 1246 186
975 1214 991 1244 ὀ
1008 1216 1040 1245 δὲ
1058 1215 1227 1255 διάμετροσ
1247 1216 1506 1254 (σχηματισμὸσ)
1523 1214 1706 1254 αἶντίζηλοσ,

160 1267 275 1306 χείρων
303 1267 338 1297 δὲ
363 1264 421 1297 ἐὰν
445 1268 620 1297 κακοποιὸσ
649 1265 776 1306 (ἀστήρ,
806 1266 861 1296 uel
889 1265 987 1297 Mars
1015 1266 1071 1297 uel
1100 1266 1287 1304 Saturnus)
1318 1268 1455 1307 ὑπάρχῃ.
1504 1278 1585 1298 nam
1617 1266 1709 1309 quod

160 1316 342 1349 Bentleius
373 1327 545 1358 nusquam
577 1317 613 1348 in
644 1317 708 1348 hoc
740 1317 894 1348 carmine
926 1316 968 1348 (le
999 1317 1152 1358 planetis
1182 1318 1239 1359 agi
1271 1317 1370 1357 dicit,
1400 1317 1485 1360 quid
1513 1329 1635 1350 uerum
1663 1319 1710 1350 sit

161 1368 309 1410 exponit
336 1367 529 1410 Pingraeus
551 1368 620 1400 uol.
647 1377 676 1399 Π
699 1379 729 1410 p.
756 1369 842 1405 308;
867 1378 910 1400 ex
933 1368 1056 1400 multis
1079 1368 1150 1400 illis
1175 1369 1259 1400 locis
1283 1369 1410 1410 quibus
1434 1380 1554 1401 eorum
1578 1371 1709 1401 mentio

160 1419 203 1451 fit
223 1420 375 1451 maxime
398 1419 466 1451 huc
486 1420 669 1461 pertinent
691 1428 736 1451 111
758 1421 811 1457 89,
836 1420 908 1458 101,
932 1421 992 1451 155
1013 1430 1087 1461 sqq.
1181 1422 1400 1452 dictantibus
1420 1424 1495 1453 iras
1514 1425 1573 1459 GL,
1596 1424 1710 1454 ditan-

160 1474 258 1503 tibus
288 1473 380 1503 istas
409 1474 444 1502 M
531 1470 596 1501 402
620 1474 705 1502 sunt
734 1473 804 1510 LM,
837 1473 910 1502 sint
940 1474 966 1502 G
1053 1470 1116 1501 405
1141 1475 1196 1503 est
1227 1482 1292 1503 οιιι.
1322 1475 1347 1503 G
1442 1472 1506 1503 406
1531 1473 1712 1514 &inanique

161 1533 347 1563 urnaeque,
363 1522 483 1554 iuueni
502 1533 625 1554 urnam
643 1523 791 1561 tenenti,
811 1522 978 1563 Aquario,
995 1525 1035 1553 ut
1052 1532 1082 1553 11
1099 1523 1162 1554 659
1179 1534 1283 1563 caper
1298 1523 1493 1564 yeuitusque
1510 1525 1558 1555 ad
1567 1524 1710 1565 fivz'yora

157 1573 266 1615 piscis
294 1584 359 1615 pro
386 1584 491 1615 capro
522 1574 558 1605 in
590 1574 720 1616 piscem
752 1573 939 1612 desinenti,
974 1574 1010 1605 id
1042 1577 1095 1606 est
1123 1575 1336 1616 Capricorno
1423 1575 1487 1606 408
1511 1579 1608 1608 cadit
1634 1576 1707 1611 (ΠΡ,

161 1628 266 1658 cadet
281 1628 351 1662 Lm,
369 1625 464 1667 quod
481 1625 625 1657 defendi
640 1628 759 1667 potest
776 1625 944 1667 exemplis
964 1625 1008 1657 ad
1025 1636 1058 1657 u.
1080 1626 1143 1657 3⁶28
1160 1626 1297 1658 collatis
1387 1629 1465 1659 orbi
1482 1627 1609 1669 Fayus,
1628 1631 1712 1659 orbe

162 1677 256 1716 libri,
279 1676 375 1719 quod
398 1677 625 1708 retinuerunt
649 1676 797 1708 Iacobus
822 1676 1014 1708 Beehertus
1039 1677 1231 1715 Ere-iterus,
1258 1688 1336 1709 cum
1360 1678 1544 1710 Bentleius
1567 1679 1713 1711 eandem

162 1739 267 1771 quam
285 1729 312 1760 F
314 1739 402 1769 ayus
418 1728 699 1760 emendationem
717 1728 868 1760 fecisset.
911 1728 996 1764 orbi,
1011 1729 1133 1760 terris:
1160 1738 1189 1760 11
1202 1731 1263 1763 791
1282 1729 1324 1760 ab
1341 1735 1460 1761 exortu
1475 1730 1561 1762 caeli
1575 1741 1711 1762 nascen-

162 1780 206 1812 tis
221 1779 259 1812 in
273 1780 396 1819 orbem,
416 1789 461 1811 111
477 1780 543 1811 282
558 1780 703 1811 orientia
719 1779 755 1811 in
771 1780 894 1818 orbem,
911 1789 934 1811 v
950 1780 1169 1821 632sulgyebic
1186 1786 1215 1812 ει
1232 1780 1305 1812 orbi
1391 1781 1456 1812 409
1474 1781 1571 1813 nulla
1587 1783 1714 1824 copula

164 1842 242 1863 cum
265 1831 434 1873 proximis
458 1831 703 1863 cohaerentem
728 1831 861 1863 deleuit
888 1831 1091 1870 Bentleius3
1116 1832 1275 1869 Iacobus,
1302 1836 1343 1864 ut
1367 1832 1519 1875 aliquem
1543 1834 1712 1866 orationis

163 1883 430 1924 sententiaeque
446 1886 653 1914 contextum
670 1882 834 1921 efficeret,
853 1883 1031 1914 observant
1049 1883 1085 1914 in
1102 1883 1160 1915 hos
1176 1889 1315 1915 seruant
1332 1885 1496 1922 mutauit,
1517 1885 1576 1917 hos
1593 1888 1711 1917 autem

163 1945 238 1966 esse
268 1934 384 1966 uoluit
413 1936 504 1973 ‘eos‚
533 1938 574 1966 ut
602 1938 665 1966 aut
692 1945 800 1966 unum
829 1938 970 1966 tantum
1001 1935 1037 1966 iu
1069 1935 1164 1966 caelo
1195 1935 1254 1974 sit,
1287 1940 1350 1967 aut
1380 1936 1531 1968 alterum
1562 1937 1709 1975 oriatur,

165 1986 316 2018 alterum
338 1985 501 2018 occidat.’
548 1996 687 2017 uersum
708 1986 752 2017 ab
772 1985 893 2017 eodem
913 1989 1020 2027 atque
1039 1987 1104 2018 390
1124 1986 1376 2028 interpolatore
1392 1987 1525 2019 factum
1542 1989 1709 2030 suspicor,

164 2037 226 2079 qui
241 2047 331 2079 quae
352 2037 520 2069 Manilius
540 2038 696 2079 quinque
714 2037 875 2069 uersibus
896 2038 1004 2070 404-8
1027 2042 1237 2080 exposuerat
1256 2038 1404 2079 pedibus
1422 2039 1585 2071 claudere
1605 2040 1714 2072 uellet

165 2088 268 2121 senis.
317 2088 453 2120 Gemin.
482 2089 567 2130 isag.
593 2089 615 2120 2
639 2090 659 2121 3
684 2090 869 2129 συμβέβηκε
895 2090 931 2120 δὲ
954 2091 1092 2127 τούτοισ,
1121 2091 1197 2121 ὅταν
1221 2091 1258 2120 τὸ
1281 2089 1388 2130 ἕτερον
1412 2092 1516 2121 αὐτῶν
1538 2090 1710 2132 ἀνατέλλῃ,

165 2141 203 2172 τὸ
234 2141 316 2172 κατὰ
348 2141 514 2181 διάμετρον
546 2142 660 2179 δύνειν,
693 2143 745 2171 καὶ
776 2142 958 2172 τούναντίον
1047 2140 1199 2171 410-414
1226 2141 1331 2173 schol.
1364 2141 1461 2174 Paul.
1494 2142 1594 2174 Alex.
1631 2143 1660 2174 D
1692 2146 1714 2175 4

166 2190 361 2231 ἀσύμφωνον
384 2193 422 2223 τὸ
446 2193 625 2232 διάμετρον,
656 2193 746 2230 διότι,
776 2194 804 2222 εἰ
830 2194 884 2223 καὶ
911 2190 975 2223 ἀπὸ
1002 2193 1135 2232 ἅρρενοσ
1162 2194 1212 2223 εἰσ
1235 2192 1326 2233 ἄρρεν
1350 2191 1440 2224 ἐστὶν
1463 2196 1483 2232 ἣ
1507 2192 1571 2226 ἀπὸ
1595 2196 1714 2233 θήλεοσ

166 2245 217 2274 εἰσ
241 2244 334 2282 θῆλυ,
364 2241 449 2274 ἀλλὰ
477 2245 534 2274 τοῦ
559 2244 634 2275 ἑνὸσ·
661 2243 902 2275 α’,νατέλλοντοσ
929 2245 965 2275 τὸ
992 2245 1098 2284 ἕτερον
1127 2245 1219 2281 δύνει,
1252 2247 1304 2275 καὶ
1327 2246 1378 2276 διὰ
1401 2247 1495 2276 τοῦτο
1517 2247 1615 2284 μέσον
1640 2248 1712 2278 πώσ

167 2295 238 2326 ἐστι
261 2297 317 2326 τοῦ
339 2306 374 2326 τε
398 2296 570 2334 συμφώνου
594 2296 644 2325 καὶ
669 2293 863 2334 α’συμφώνου
949 2295 1014 2325 410
1037 2297 1198 2326 aduersis
1219 2298 1244 2327 G
1265 2298 1301 2327 et
1323 2306 1410 2328 corr.
1435 2307 1478 2328 ex
1501 2300 1654 2329 aduersu
1675 2301 1709 2336 L,

167 2349 340 2378 aduersus
352 2349 395 2378 M.
445 2345 537 2388 quod
554 2347 655 2377 Aries
667 2345 772 2378 Libra
788 2352 905 2378 cetera
921 2346 1077 2378 aduersis
1087 2346 1192 2387 siquis
1203 2347 1336 2389 fulgere
1353 2347 1530 2388 dicuntur,
1546 2359 1623 2380 cum
1638 2349 1712 2391 ipsa

167 2399 266 2439 signa
288 2398 372 2436 sint,
398 2408 540 2439 prorsus
563 2397 677 2429 simile
701 2400 754 2429 est
778 2399 843 2429 494
865 2399 1012 2429 aduerso
1041 2398 1274 2438 Capricornus
1301 2399 1455 2430 conditus
1481 2405 1596 2438 asto-03
1631 2400 1712 2432 uide

168 2449 274 2481 etiam
307 2449 352 2480 ad
383 2458 397 2480 1
428 2449 492 2481 539
522 2448 696 2481 adnotata
788 2449 851 2479 411
883 2449 926 2480 de
948 2449 1117 2490 feruntur
1146 2450 1228 2481 uide
1260 2449 1305 2481 ad
1338 2451 1398 2482 188
1490 2451 1555 2481 412
1584 2461 1713 2490 genere

169 2500 244 2532 cod.
272 2500 364 2532 Flor.
391 2503 567 2539 amplexis
590 2500 749 2539 Iacobus,
773 2509 905 2539 genera
926 2503 1096 2539 exemplis
1117 2504 1211 2532 GLM.
1260 2512 1329 2533 una
1352 2502 1568 2544 transposita
1591 2503 1713 2536 littera

169 2551 333 2583 effectum
363 2551 485 2583 credas
511 2562 634 2592 (jener-a
658 2552 832 2592 empleaeis,
866 2552 995 2583 deinde
1026 2552 1241 2594 syllabarum
1272 2553 1480 2585 traiectione
1509 2555 1708 2595 ex-empl-z's.

170 2603 338 2643 amplexis
360 2603 489 2645 plurali
512 2614 659 2635 numero
681 2604 842 2635 absolute
870 2604 1014 2645 ponitur
1041 2614 1104 2645 pro
1132 2614 1164 2636 se
1191 2609 1307 2636 mutuo
1333 2605 1513 2646 amplexis,
1539 2610 1580 2637 ut
1607 2606 1708 2639 Ouid.

171 2655 244 2686 her.
279 2663 319 2686 1v
351 2655 412 2686 139
443 2654 570 2686 uiderit
597 2656 771 2696 amplexos
798 2655 938 2696 aliquis,
968 2655 1048 2687 Val.
1079 2655 1130 2686 Fl.
1163 2664 1203 2686 IV
1230 2657 1294 2689 709.
1320 2656 1382 2687 mlv
1404 2656 1532 2697 primis
1561 2658 1713 2698 ampleaei

170 2705 311 2738 luminis
341 2706 422 2744 oris,
457 2706 572 2738 Plaut.
609 2707 695 2738 asin.
730 2707 794 2739 640
826 2711 861 2738 et
892 2707 956 2739 642
987 2707 1174 2747 complexos
1199 2707 1373 2747 fabulari,
1408 2707 1498 2740 Plin.
1533 2709 1605 2741 n.h.
1642 2718 1712 2741 VIII

174 2757 236 2789 126
266 2757 425 2789 ambobus
455 2757 651 2789 cubantibus
682 2757 937 2799 complexi-sque.
998 2758 1043 2789 ad
1074 2769 1212 2789 sensum
1243 2762 1336 2790 recte
1372 2758 1554 2791 Bentleius
1583 2761 1713 2801 yenerz's

171 2808 305 2840 uinclis
354 2808 508 2850 Scaliger
538 2812 575 2840 et
603 2809 762 2851 plerique
789 2811 884 2848 (nam
915 2809 1050 2851 Fayum
1080 2809 1362 2852 Bechertumque
1392 2813 1600 2852 praetereo),
1633 2822 1712 2843 cum

172 2861 222 2892 sic
258 2859 366 2892 uerba
403 2861 639 2902 distinguunt,
673 2865 702 2892 et
740 2871 881 2901 yenere:
919 2861 1078 2902 exemplis
1108 2864 1190 2900 etc„
1231 2861 1318 2893 illud
1357 2863 1518 2903 exemplis
1555 2863 1714 2905 accipere
