1931 3202
237 136 290 174 26
836 132 897 174 Μ.
929 130 1181 173 MANILII

407 247 487 285 aut
508 258 619 298 quae
641 247 761 284 recta
782 243 873 284 suis
894 242 1117 284 librantur
1137 242 1305 284 stantia
1325 242 1544 290 membris,

408 322 459 359 ut
482 318 618 373 Virgo
640 320 683 358 ct
705 316 892 364 Gemini,
915 315 1105 358 fundens
1127 320 1171 358 et
1193 317 1419 372 Aquarius
1440 315 1608 365 undas,

409 392 478 433 uel
501 406 613 447 quae
635 390 752 432 fessa
773 389 926 432 sedent
947 390 1097 446 pigras
1117 389 1358 432 referentia
1378 394 1559 439 mentes,

285 475 350 507 250
409 466 580 507 Taurus
602 464 814 520 depositis
835 464 945 506 collo
967 464 1136 520 sopitus
1157 465 1330 514 aratris,

409 539 542 581 Libra
562 539 644 581 sub
665 538 848 580 emerito
869 538 1100 580 considens
1120 538 1224 580 orbe
1246 538 1457 588 laborum,

408 618 544 669 tuque
565 616 653 662 tuo,
676 612 955 668 Capricorne,
976 612 1078 668 gelu
1100 615 1353 654 contractus
1374 613 1420 654 in
1442 612 1598 661 astris,

409 701 582 743 quaeue
604 687 759 736 iacent,
781 686 948 729 Cancer
968 687 1166 742 patulam
1189 686 1409 729 distentus
1430 688 1476 728 in
1499 686 1661 734 aluum,

410 762 614 817 Scorpios
635 761 892 802 incumbens
912 761 1046 816 plano
1067 760 1149 802 sub
1170 764 1346 817 pectore
1367 764 1522 810 terrae,

285 846 349 878 255
408 836 454 877 in
475 836 593 877 latus
615 835 781 890 obliqui
805 835 949 877 Pisces
970 849 1227 891 semperque
1248 835 1449 877 iacentes.

468 909 584 965 quod
605 909 642 951 si
664 910 830 951 sollerti
852 910 1148 965 circumspicis
1170 910 1318 951 omnia
1338 924 1443 952 cura

410 984 618 1025 fraudata
638 984 837 1025 inuenies
858 984 1031 1025 amissis
1052 983 1197 1025 sidera
1217 984 1436 1043 membris.

411 1058 612 1114 Scorpios
633 1058 679 1099 in
701 1058 835 1100 Libra
856 1059 1074 1100 consumit
1095 1058 1309 1108 bracchia,
1332 1058 1504 1099 Taurus

233 1191 476 1234 coniungenda
505 1193 589 1223 sunt
687 1190 750 1222 247
774 1193 953 1223 librantur
983 1193 1054 1230 GM,
1087 1192 1263 1222 librentur
1293 1193 1316 1222 1.
1413 1189 1478 1221 249
1500 1189 1697 1231 referentia,
1731 1199 1783 1221 re-

234 1243 507 1286 praesentantia,
534 1248 575 1274 ut
597 1251 622 1273 v
649 1243 707 1274 161
733 1247 848 1274 tantus
870 1243 934 1274 erit
955 1253 1019 1282 per
1041 1242 1192 1274 membra
1215 1242 1316 1282 uiyor
1337 1241 1522 1282 referentia
1548 1246 1663 1273 uentos

276 1294 339 1326 251
364 1294 470 1327 Libra.
485 1305 555 1326 non
571 1304 762 1335 numquam
782 1294 818 1325 in
840 1304 876 1326 se
898 1293 1050 1336 collapsa
1066 1293 1249 1336 figuratur,
1268 1294 1369 1325 uelut
1385 1294 1421 1325 in
1437 1293 1633 1335 menologio
1649 1292 1783 1324 rustico

235 1347 394 1378 Vallensi
418 1350 455 1378 et
479 1347 516 1377 in
543 1345 692 1387 sphaera
717 1345 914 1377 Arolsiana.
964 1346 1022 1377 sub
1050 1345 1187 1377 emerico
1214 1345 1290 1377 orbe
1316 1345 1484 1384 laborum,
1512 1349 1593 1387 post
1619 1343 1784 1376 emeritos

234 1398 381 1437 labores,
408 1398 470 1440 qui
496 1398 532 1429 in
559 1396 679 1429 orbem
706 1398 778 1428 acti
805 1397 976 1429 redeunt:
1013 1397 1065 1428 ita
1091 1396 1246 1439 Scaliger
1270 1399 1307 1428 et
1333 1396 1490 1429 Huetius
1517 1396 1646 1428 collato
1672 1395 1779 1438 Verg.

234 1460 350 1493 georg.
371 1458 400 1481 11
422 1450 483 1481 401
506 1449 595 1480 redit
611 1448 773 1489 agyricolis
788 1449 885 1481 labor
900 1454 996 1481 actus
1013 1449 1049 1480 in
1065 1449 1186 1481 orbem.
1237 1448 1398 1480 Bentleio
1415 1459 1544 1480 emenso
1567 1458 1630 1490 pro
1646 1447 1785 1480 emerico

235 1501 421 1544 reponenti
443 1500 588 1532 obstant
611 1500 714 1533 Ouid.
735 1500 816 1533 fast.
842 1509 887 1532 111
912 1501 953 1532 43
977 1499 1158 1542 quominus
1181 1500 1328 1532 emeriti-s·
1352 1500 1458 1532 exiret
1483 1499 1636 1532 cursibus
1659 1509 1782 1537 annus,

235 1555 317 1585 met.
338 1561 389 1584 xv
405 1553 469 1584 226
486 1552 633 1584 emeritis
656 1552 762 1584 medii
779 1562 908 1593 quoque
925 1551 1086 1592 temporis
1105 1552 1217 1591 annis,
1238 1551 1316 1584 Sen.
1332 1552 1398 1594 Ag.
1413 1552 1477 1584 908
1500 1556 1567 1583 stat
1588 1561 1658 1584 ecce
1679 1550 1784 1583 Titan

235 1604 359 1637 dubius
382 1604 518 1636 emerico
542 1603 608 1643 die,
629 1603 720 1635 Stat.
741 1603 819 1635 silu.
841 1613 887 1635 111
908 1605 928 1635 5
948 1605 966 1638 7
991 1608 1154 1644 quattuor
1176 1603 1324 1635 emeritis
1342 1614 1409 1644 per
1431 1603 1528 1642 bella,
1542 1613 1610 1644 per
1631 1613 1785 1643 aequora

235 1656 364 1694 lustris,
382 1655 522 1687 Nemes.
537 1655 614 1686 buc.
630 1664 643 1687 1
670 1656 710 1687 19
735 1655 892 1687 emeritae
911 1665 1129 1696 permensum
1153 1660 1306 1695 tempora
1329 1655 1432 1694 uitae,
1452 1654 1576 1687 Claud.
1597 1654 1633 1686 in
1654 1653 1738 1687 Rus.
1753 1663 1783 1686 11

237 1709 301 1743 473
325 1708 387 1739 huc
403 1712 482 1748 post
499 1706 677 1738 emeritam
692 1706 856 1738 mortalia
872 1706 1009 1738 saecula
1025 1706 1136 1738 uitam
1150 1706 1154 1748 1
1169 1706 1353 1738 deueniunc
1440 1705 1504 1737 252
1528 1711 1583 1737 tuo
1598 1706 1686 1747 yelu,
1705 1716 1785 1737 cum

237 1758 396 1791 brumale
422 1758 627 1800 Capricorni
653 1759 792 1800 signum
823 1758 965 1800 proprie
995 1758 1146 1798 ,flelz'dzcm
1173 1758 1314 1790 dicatur
1344 1767 1358 1790 1
1385 1758 1461 1796 375,
1490 1766 1530 1788 1v
1557 1758 1632 1797 745,
1661 1757 1779 1790 Germ.

237 1810 362 1853 phaen.
376 1810 408 1849 7,
426 1811 502 1848 289,
516 1810 642 1841 Α111011.
656 1811 757 1841 Arat.
779 1811 821 1842 56
845 1812 881 1841 et
897 1820 939 1841 ex
957 1820 1033 1841 mea
1055 1810 1258 1841 coniectura
1281 1809 1376 1848 1252,
1396 1811 1640 1850 κατεψυγμένον
1656 1808 1780 1841 Ludw.

237 1862 382 1894 Maxim.
410 1872 443 1903 p.
471 1862 532 1894 106
557 1861 599 1894 26
624 1863 662 1893 et
686 1861 944 1893 C.C.A.G.v11
969 1872 1003 1903 p.
1024 1862 1087 1893 208
1115 1862 1165 1892 15.
1213 1866 1416 1899 contractus,
1445 1871 1524 1892 cum
1552 1861 1646 1892 iusta
1669 1861 1785 1892 minus

237 1918 339 1956 parte
361 1913 494 1944 zodiaci
517 1912 677 1944 obtineat
700 1917 842 1953 anyzwco
865 1911 1055 1953 capricorn
1064 1923 1100 1944 ets
1123 1912 1233 1944 sidere
1248 1912 1375 1954 flexus,
1393 1917 1435 1944 ut
1450 1921 1464 1943 1
1481 1913 1542 1946 271
1568 1912 1779 1954 appellatur.

238 1965 299 1997 sed
323 1965 359 1996 in
384 1964 498 2003 astris,
518 1975 607 2006 quae
634 1964 743 1996 uerba
770 1973 800 1996 11
826 1965 900 2003 26],
920 1965 995 2003 531,
1015 1973 1056 1995 IV
1081 1965 1153 2003 142,
1177 1965 1252 2002 425,
1277 1973 1302 1995 V
1326 1964 1392 1996 232
1415 1974 1514 1995 suam
1539 1964 1612 1996 uim
1637 1963 1781 2002 habent,

236 2017 303 2048 hoc
319 2016 394 2048 loco
410 2016 540 2047 inertia
555 2018 648 2055 sunt,
665 2019 707 2047 ut
724 2015 879 2055 Scaliger
902 2015 956 2048 ed.
973 2017 988 2047 1
1008 2016 1044 2047 in
1059 2020 1173 2047 artum
1191 2017 1414 2057 proposuerit
1428 2028 1436 2048 :
1461 2015 1548 2047 mihi
1567 2015 1786 2057 probabilius

238 2068 382 2100 uidetur
409 2073 510 2108 tuque
540 2072 640 2106 tuos,
680 2067 901 2108 Capricomze,
931 2067 1008 2107 (selu
1034 2072 1226 2099 contractus
1253 2067 1289 2099 in
1320 2072 1436 2099 arcus
1467 2067 1595 2099 collato
1620 2066 1724 2109 Prop.
1745 2075 1786 2098 IV

240 2122 259 2152 S
282 2121 322 2152 41
349 2130 461 2151 nanus
484 2123 513 2151 el
536 2119 608 2159 ipse
631 2129 706 2151 suos
735 2118 881 2150 breuiter
904 2124 1074 2151 concretus
1095 2119 1132 2150 in
1155 2124 1277 2157 arcu-33
1305 2119 1466 2161 sequitur
1489 2119 1594 2157 enim,
1624 2118 1719 2160 quod
1743 2129 1786 2150 ex

238 2171 360 2204 eodem
376 2174 430 2202 est
446 2181 582 2212 genere,
601 2170 731 2202 Cancer
750 2171 910 2211 patulam
927 2171 1090 2202 distentus
1106 2170 1141 2202 in
1158 2170 1278 2202 aluum
1365 2170 1429 2201 253
1453 2179 1590 2208 quaeue
1606 2170 1787 2202 Breiterus

239 2224 275 2254 in
301 2222 422 2255 Fleck.
446 2221 561 2254 annal.
587 2222 655 2253 uol.
683 2222 745 2254 139
771 2232 804 2264 p.
825 2222 901 2261 202,
928 2225 1052 2254 contra
1075 2225 1144 2261 ΒΜ,
1164 2226 1306 2254 contrat
1330 2225 1356 2254 G
1444 2224 1563 2254 iacent
1589 2221 1784 2260 Bentleius,

236 2277 332 2306 iacet
347 2273 429 2306 libri
518 2273 631 2305 forma
647 2273 828 2312 orationis,
844 2274 944 2305 cuius
966 2279 1107 2316 praeter
1124 2273 1323 2305 Breiterum
1340 2284 1442 2305 nemo
1457 2274 1629 2305 rationem
1646 2273 1783 2312 habuit,

239 2326 325 2357 haec
341 2329 404 2364 est,
425 2325 516 2366 quod
532 2330 608 2357 sunt
625 2325 799 2357 currentia
816 2325 998 2366 quaedam,
1018 2330 1077 2356 aut
1099 2335 1185 2366 quae
1201 2330 1293 2357 recta
1314 2325 1496 2363 librantur,
1517 2325 1571 2357 uel
1586 2335 1673 2366 quae
1686 2325 1786 2366 fea-sa

239 2378 374 2415 κάρψω
401 2377 530 2418 quibus
553 2376 669 2409 tribus
692 2376 858 2408 membris
881 2380 1022 2418 poetam
1046 2376 1112 2408 hoc
1135 2379 1313 2418 quartum,
1338 2387 1467 2418 quaeue
1491 2376 1612 2415 iacent,
1636 2377 1785 2409 subnex-

240 2429 332 2460 uisse
370 2433 444 2460 tam
475 2432 609 2460 certum
641 2435 695 2460 est
729 2439 769 2460 ac
800 2428 1027 2460 manifestum
1058 2431 1099 2460 ut
1128 2428 1171 2459 de
1206 2428 1339 2470 origine
1370 2428 1591 2470 corruptelae
1620 2438 1788 2470 quaerere

241 2490 538 2522 superuacaneum
569 2480 641 2518 sit3
680 2479 741 2511 sed
772 2479 916 2511 uidetur
947 2490 1051 2520 queue
1084 2480 1120 2510 in
1152 2490 1214 2520 que
1245 2482 1282 2511 et
1318 2489 1399 2511 mox
1430 2480 1467 2511 in
1497 2490 1535 2521 q;
1564 2483 1786 2512 contractum

241 2531 472 2569 intercidisse,
502 2535 620 2563 contra
651 2531 853 2563 coniectura
883 2532 1003 2573 potius
1030 2530 1194 2562 additum
1224 2541 1298 2562 esse
1333 2541 1438 2572 quam
1465 2541 1581 2563 errore
1611 2541 1654 2563 ex
1681 2542 1787 2563 uersu

241 2582 419 2624 superiore
442 2583 610 2614 iteratum
700 2582 765 2613 254
787 2585 894 2621 plano
917 2581 995 2622 (ΗΡ,
1015 2585 1140 2621 planos
1162 2585 1196 2621 L,
1215 2585 1344 2621 planus
1367 2585 1401 2614 Μ
1488 2586 1630 2621 pectore
1653 2585 1690 2622 G,
1713 2592 1786 2615 cor-

242 2643 325 2672 pore
345 2637 404 2665 LM
424 2640 460 2666 et
477 2644 582 2675 supra
603 2644 667 2665 scr.
687 2644 778 2665 man.
802 2635 817 2665 l
835 2637 861 2666 G
876 2634 992 2665 minus
1011 2634 1161 2676 proprie.
1211 2633 1369 2665 ordinem
1385 2633 1573 2665 uerborum
1589 2634 1681 2666 hunc
1697 2644 1783 2673 esse,

242 2685 433 2717 incumbens
459 2690 570 2717 terrae
594 2685 654 2717 sub
681 2690 814 2726 pectore
839 2686 987 2726 positae,
1018 2689 1163 2727 propter
1190 2685 1431 2717 incredibilem
1453 2685 1542 2727 Fayi
1572 2688 1609 2717 et
1634 2685 1787 2718 Breiteri

241 2747 392 2768 errorem
420 2735 608 2768 dicendum
631 2740 686 2768 est
773 2736 925 2767 256-264
956 2736 1086 2768 debilia
1113 2741 1198 2768 sunt
1224 2740 1261 2768 et
1285 2736 1412 2768 mutila
1438 2740 1619 2778 quattuor,
1649 2736 1786 2769 Taurus

243 2787 376 2820 Cancer
399 2787 563 2829 Scorpius
587 2787 812 2829 Sagittarius.
859 2798 902 2819 ne
927 2788 983 2819 hic
1006 2787 1148 2830 quidem
1173 2788 1322 2819 Manilio
1346 2798 1424 2820 cum
1449 2788 1576 2820 ceteris
1600 2788 1786 2831 astrologis

243 2838 428 2870 conuenire
451 2838 525 2870 dixi
549 2839 584 2870 in
607 2838 826 2880 praefatione
915 2838 978 2870 256
994 2839 1058 2870 257
1081 2839 1112 2871 si
1132 2839 1374 2880 circumspicis,
1393 2839 1553 2871 inuenies.
1602 2848 1627 2871 v
1648 2840 1712 2872 650
1730 2850 1781 2882 sq.

244 2889 273 2921 si
293 2890 463 2931 consuryz'c
486 2889 602 2928 (modo
625 2889 712 2922 fides
735 2891 784 2922 sit
806 2889 986 2929 librariis),
1005 2890 1111 2929 dabit,
1132 2899 1171 2922 1v
1187 2890 1251 2922 525
1267 2901 1317 2933 sq.
1337 2901 1413 2923 cum
1431 2891 1576 2932 profert,
1594 2891 1700 2930 dabit,
1720 2891 1786 2926 572
