1931 3202
259 130 338 169 106
854 128 915 170 Μ.
947 127 1198 170 MANILII

426 238 679 281 decernunt.
740 239 860 281 Deus
880 239 953 280 ille
974 239 1094 281 locus
1113 239 1196 280 sub
1217 239 1394 282 nomine
1416 239 1551 281 Graio

303 322 368 354 910
426 312 598 355 dicitur.
660 313 761 354 huic
782 313 969 354 aduersa
990 313 1149 363 nitens,
1170 327 1281 368 quae
1302 314 1445 369 prima
1465 314 1658 370 resurgit

426 387 602 429 sedibus
623 401 678 428 ex
700 387 800 428 imis
822 387 1069 442 iterumque
1090 387 1261 429 reducit
1282 387 1535 444 Olympum,

427 476 529 517 pars
550 461 704 502 mundi
726 460 987 517 fuluumque
1008 461 1123 503 nitet
1143 461 1384 518 mortisque
1404 462 1646 518 gubernat3

254 623 359 654 immo
376 622 607 654 inueniendus
623 621 735 660 alius;
758 625 799 653 ut
816 621 908 653 enim
925 621 1011 653 deus
1027 626 1063 653 et
1079 621 1204 661 fatum,
1223 622 1274 654 sic
1292 626 1389 654 astra
1408 621 1592 654 decernere
1611 621 1790 661 dicuntur.

254 674 348 716 apud
373 675 583 716 posteriores
608 672 749 714 quidem
776 673 971 714 astrologos
995 673 1289 715 frequentissime,
1318 673 1419 706 uelut
1444 673 1549 705 Firm.
1574 683 1618 705 111
1643 675 1663 706 5
1689 674 1733 706 20
1756 673 1794 705 in

253 726 393 767 septimo
409 726 479 757 loco
496 725 553 757 Sol
569 725 611 756 ab
627 725 809 765 horoscopo
824 725 1022 756 constitutus
1036 725 1191 756 maxima
1208 725 1316 756 uitia
1331 730 1360 757 et
1376 724 1586 757 ualitudines
1601 724 1790 757 decernit.

255 787 466 819 quamquam
488 775 673 808 Manilium
697 776 761 807 hac
784 776 954 814 oratione,
980 775 1069 807 uitia
1090 776 1284 815 decernunt,
1307 787 1451 808 usurum
1472 776 1579 808 fuisse
1602 787 1670 808 non
1691 781 1791 818 puto,

254 829 322 860 nisi
350 839 419 860 una
445 827 617 859 adfuisset
643 827 735 859 alter
764 827 988 859 accusatiuus
1009 827 1204 868 fortunam,
1238 827 1341 869 quale
1371 838 1496 859 nomen
1527 838 1669 870 prorsus
1699 832 1793 859 recte

255 891 332 912 cum
364 880 423 911 illo
451 879 559 911 uerbo
586 879 751 920 coniungi
777 879 862 910 satis
888 878 1040 920 probant
1068 878 1150 910 Luc.
1176 887 1199 909 v
1226 879 1291 911 ‘203
1318 889 1368 921 sq.
1399 890 1446 910 an
1473 879 1623 911 nondum
1649 879 1794 911 numina

255 936 387 963 tantum
407 932 412 971 1
432 931 607 963 decreuere
637 930 762 970 nefas?
793 933 829 962 et
855 930 934 962 Val.
958 929 1011 962 Fl.
1037 939 1082 961 111
1113 925 1177 965 374
1207 931 1400 962 decretusne
1429 931 1521 962 uenit
1544 931 1625 971 sato
1650 931 1795 971 pauor?

255 982 345 1015 adde
361 983 492 1014 Auson.
508 982 572 1014 313
588 983 608 1014 6
624 981 734 1023 (Peip.
749 992 782 1023 p.
795 983 873 1020 408)
890 987 982 1013 certa
1000 981 1030 1013 si
1047 982 1182 1013 decreta
1202 992 1274 1013 sors
1294 987 1351 1020 est,
1370 982 1455 1023 quid
1475 982 1592 1014 caueri
1610 982 1795 1023 proderit?

256 1038 377 1067 contra
402 1045 471 1065 non
496 1037 570 1065 tam
597 1034 728 1064 usitate
745 1034 931 1072 fortunam
958 1033 1151 1074 concipiunt
1178 1044 1283 1074 quam
1310 1033 1400 1065 uitia
1426 1033 1621 1074 concipiunt
1647 1033 1791 1072 dicitur,

253 1086 313 1118 sed
340 1085 464 1118 itidem
485 1084 550 1116 hoc
575 1084 662 1116 illud
684 1095 798 1116 secum
822 1084 944 1116 trahit.
993 1086 1143 1125 corporis
1157 1085 1342 1124 fortunam
1363 1085 1399 1116 in
1420 1085 1580 1117 eunucho
1599 1084 1794 1127 appellauit

253 1138 492 1177 Quintilianus
519 1137 600 1168 inst.
625 1145 681 1168 vn
709 1137 729 1168 9
756 1136 786 1168 2.
836 1140 990 1167 ceterum
1019 1136 1073 1167 his
1099 1136 1260 1168 uersibus
1290 1135 1478 1178 significari
1509 1135 1676 1168 uidentur
1704 1146 1794 1178 quae

253 1189 379 1222 Graeci
405 1190 477 1227 σι’νη
505 1190 558 1219 καὶ
585 1189 673 1226 πάθη
701 1189 866 1225 σωματικά
893 1190 1021 1219 uocant
1044 1191 1213 1230 sextoque
1240 1187 1315 1219 loco
1343 1188 1517 1225 tribuunt,
1545 1187 1661 1230 Heph.
1681 1187 1788 1220 Theb.

253 1250 283 1273 11
305 1241 343 1273 13
360 1239 551 1279 (C.C.A.G.
572 1247 612 1270 VI
633 1249 666 1280 p.
687 1239 754 1277 97),
774 1249 895 1271 comm.
917 1239 1007 1271 Ptol.
1029 1243 1111 1271 tetr.
1131 1249 1164 1281 p.
1188 1240 1260 1278 137,
1280 1239 1378 1271 Paul.
1398 1239 1500 1271 Alex.
1521 1239 1570 1277 M,
1590 1239 1690 1271 Vett.
1709 1239 1789 1271 Val.

252 1304 284 1335 p.
308 1293 372 1324 335
394 1293 425 1331 8,
453 1292 490 1323 in
513 1301 582 1333 quo
604 1291 710 1322 etiam
733 1290 906 1322 Firmicus
928 1299 957 1322 11
984 1291 1023 1322 19
1047 1291 1065 1324 7
1089 1301 1228 1322 causam
1252 1290 1330 1322 uitii
1352 1301 1392 1323 ac
1415 1290 1621 1323 ualitudinis
1643 1291 1795 1322 inueniri

254 1344 352 1383 dicit,
379 1343 447 1375 etsi
469 1342 561 1374 idem
586 1342 633 1374 ib.
656 1342 695 1373 13
718 1342 809 1373 uitia
831 1347 868 1373 et
891 1341 1130 1383 aegritudines
1153 1342 1188 1373 in
1215 1341 1420 1374 duodecimo
1447 1342 1522 1374 loco
1549 1342 1660 1384 ponit.
1708 1341 1794 1374 haec

252 1400 370 1428 autem
398 1404 584 1436 corporum
609 1397 809 1426 nostrorum
836 1393 925 1424 uitia
950 1404 1019 1425 non
1047 1398 1147 1426 tanto
1173 1404 1277 1435 opere
1304 1393 1444 1425 differre
1471 1393 1592 1425 credas
1619 1404 1640 1425 a
1664 1393 1794 1426 morbis

253 1458 286 1479 u.
304 1447 368 1480 902
384 1447 420 1478 in
436 1446 561 1488 quinto
582 1445 714 1486 templo
735 1445 1014 1476 commemoratis
1035 1449 1076 1476 ut
1099 1446 1134 1476 in
1156 1445 1262 1476 aliam
1283 1455 1450 1487 suamque
1473 1445 1591 1477 sedem
1612 1445 1794 1477 referenda

252 1499 386 1531 fuerint
474 1497 555 1528 huic
582 1497 657 1528 loco
684 1507 762 1528 cum
794 1495 949 1538 Scaliger
975 1507 1011 1528 se
1036 1496 1168 1528 nullam
1199 1507 1301 1538 opem
1327 1496 1465 1528 adferre
1491 1507 1592 1539 posse
1618 1496 1795 1538 professus

253 1554 355 1589 esset,
388 1549 570 1581 Bentleius
600 1548 636 1579 in
667 1547 820 1579 remedio
850 1547 1050 1579 adhibendo
1083 1548 1171 1580 artis
1205 1547 1337 1580 oblitus
1371 1551 1444 1585 est;
1483 1548 1680 1580 coniunctis
1710 1558 1794 1580 uero

251 1601 371 1634 Iacobi
397 1600 595 1640 (declinant)
621 1604 657 1631 et
681 1599 798 1631 Ellisii
822 1601 901 1640 (quo
926 1600 1022 1640 quia)
1047 1600 1256 1632 coniecturis
1280 1599 1473 1631 tolerabilis
1495 1599 1621 1631 saltem
1643 1599 1794 1631 efficitur

251 1653 364 1685 oratio
389 1656 426 1684 et
449 1652 636 1689 sententia,
661 1651 721 1683 sub
744 1661 809 1692 quo
832 1651 916 1691 qnia
939 1661 1083 1691 corpora
1103 1656 1220 1683 nostra
1240 1652 1245 1691 1
1265 1651 1434 1683 declitzant
1455 1651 1544 1682 uitia
1564 1655 1594 1683 et
1608 1651 1794 1692 fortunam

251 1716 292 1737 ex
322 1704 452 1736 uiribus
482 1703 553 1735 eius
574 1703 578 1744 1
598 1702 801 1743 concipiunt,
835 1702 929 1734 Deus
959 1702 1016 1734 ille
1048 1703 1163 1734 locus.
1187 1725 1195 1733 .
1213 1727 1221 1734 .
1242 1702 1371 1734 dicitur
1479 1702 1543 1733 909
1573 1702 1681 1734 Graio
1720 1705 1793 1734 θεοῦ

251 1756 383 1789 nomini
395 1755 517 1787 subest
532 1754 661 1786 Latina
676 1753 866 1796 appellatio
882 1754 977 1786 Dens
1063 1753 1213 1785 910-917
1230 1754 1359 1786 tertius
1375 1753 1480 1786 locus.
1530 1754 1626 1786 Sext.
1644 1764 1733 1795 emp.
1753 1755 1792 1788 17

250 1809 288 1839 τὸ
310 1809 343 1839 δὲ
367 1808 555 1847 ἀποχωροῦν
577 1807 642 1837 ἀπὸ
665 1808 721 1837 τοῦ
745 1806 1100 1846 ἀντιμεσουρανήματοσ
1124 1806 1170 1837 dm·
1193 1804 1246 1837 ἐπ’
1271 1807 1433 1843 ἀνατολὴν
1453 1806 1528 1836 θεάν
1549 1807 1663 1845 (φασιν
1685 1807 1790 1844 εἶναι),

253 1861 438 1900 διαμετροῦν
457 1857 502 1898 τῷ
523 1856 595 1898 θεῷ,
622 1858 661 1889 19
681 1859 738 1888 τοῦ
761 1858 1118 1897 ἁντιμεσουρανήματοσ·
1142 1858 1179 1888 τὸ
1201 1858 1362 1895 άπόκλιμα
1382 1858 1450 1895 θεά,
1478 1856 1575 1888 Paul.
1596 1856 1697 1889 Alex.
1719 1856 1748 1888 L
1771 1858 1792 1889 3

251 1913 288 1943 τὸ
309 1912 342 1942 δὲ
358 1911 392 1951 ’γ’
412 1910 476 1941 ἀπὸ
499 1911 684 1950 ὡροσκόπου
701 1933 708 1941 .
730 1933 738 1941 .
758 1933 765 1941 .
785 1910 930 1940 καλεῖται
947 1933 954 1941 .
975 1933 982 1941 .
1004 1933 1011 1940 .
1033 1910 1101 1946 θεὰ,
1123 1910 1228 1939 τόποσ·
1247 1910 1407 1947 Σελήνησ,
1426 1908 1524 1940 Vett.
1541 1907 1619 1940 Val.
1636 1918 1670 1950 p.
1687 1909 1729 1942 67
1753 1908 1794 1939 12

251 1965 360 2004 τρὶτοσ
373 1964 475 1993 τόποσ
488 1963 567 1992 θεᾶσ
584 1962 742 1998 Σελήνησ,
762 1960 867 1991 Firm.
882 1969 912 1991 11
931 1961 970 1992 16
985 1960 1007 1991 2
1019 1960 1096 1991 Dea
1109 1964 1154 1991 est
1171 1959 1290 1991 tertius
1301 1960 1343 1991 ab
1360 1960 1542 2000 horoscopo
1557 1959 1648 1991 loca-1
1664 1984 1671 1992 .
1689 1985 1696 1992 .
1714 1984 1722 1991 .
1739 1959 1793 1992 hic

251 2015 341 2047 locu-3
356 2025 377 2045 α
393 2013 532 2045 Graecis
549 2037 556 2044 .
578 2037 586 2044 .
606 2036 614 2044 .
640 2012 732 2043 Thea
748 2011 886 2050 dicitur,
905 2012 944 2043 19
956 2013 976 2042 4
992 2011 1070 2043 hnic
1082 2012 1152 2043 loco
1165 2011 1242 2043 Dea
1255 2022 1374 2043 nomen
1386 2016 1441 2043 est.
1491 2011 1614 2051 ἀγαθὸν
1631 2010 1793 2049 α’πόκλιμα

251 2076 324 2098 esse
348 2065 478 2097 dicitur
499 2075 520 2095 a
540 2063 650 2095 Paulo
673 2063 740 2101 l.1.‚
766 2066 889 2094 contra
911 2062 1089 2095 C.C.A.G.
1115 2071 1127 2094 1
1151 2073 1184 2104 p.
1203 2064 1263 2096 157
1291 2063 1395 2095 10-12
1419 2064 1475 2101 (ex
1498 2062 1689 2102 Antiocho)
1713 2073 1791 2094 cum

250 2117 402 2149 secundo
425 2119 525 2148 sexto
548 2120 674 2147 octauo
697 2114 903 2146 duodecimo
926 2115 1019 2146 inter
1038 2116 1117 2145 τοὺσ
1141 2114 1404 2154 α’χρηματίστουσ
1426 2116 1547 2146 τόπουσ
1569 2117 1770 2146 recensetur
1783 2125 1792 2152 ς

250 2170 334 2201 item
351 2168 467 2210 Heph.
482 2166 590 2199 Theb.
607 2176 620 2198 1
639 2167 678 2198 12
694 2167 796 2197 κακόσ
808 2165 940 2198 dicitur
955 2176 1017 2197 nec
1032 2169 1151 2197 tamen
1169 2167 1324 2197 κάκιστοο·
1403 2165 1467 2196 910
1487 2167 1569 2197 huic
1586 2165 1791 2208 Regiomon-

250 2226 365 2258 tanus,
380 2223 448 2251 huc
464 2218 546 2251 libri
625 2217 687 2248 911
703 2220 835 2249 iterum
851 2220 910 2255 GL,
929 2226 1054 2249 uerum
1069 2220 1103 2248 Μ
1184 2226 1252 2255 que
1264 2216 1344 2248 add.
1364 2216 1411 2255 L2,
1427 2227 1493 2249 om.
1509 2220 1594 2248 (ΗΜ
1605 2216 1788 2259 probante,

251 2275 291 2303 ut
307 2272 376 2303 fuit
392 2270 613 2312 antiquarius
629 2269 735 2311 paulo
750 2269 921 2310 cupidior,
941 2268 1127 2310 Scaligero,
1146 2279 1248 2310 quem
1270 2268 1518 2300 concinnitatis
1537 2272 1574 2300 et
1595 2268 1792 2300 sententiae

250 2333 381 2355 memor
404 2321 630 2364 reprehendit
654 2320 834 2352 Bentleius
921 2319 985 2351 912
1008 2320 1112 2351 nitere
1137 2320 1220 2351 haec
1243 2330 1324 2361 pars
1347 2319 1469 2351 muudi
1493 2319 1596 2351 modo
1619 2319 1716 2351 dicta
1738 2322 1792 2351 est

252 2385 284 2406 u.
305 2375 379 2413 910,
399 2384 440 2405 ea
455 2374 591 2405 ratione
607 2383 677 2414 qua
692 2383 750 2404 uu.
771 2372 833 2406 867
853 2374 889 2404 et
909 2372 972 2403 893
991 2371 1080 2403 aliae
1100 2372 1213 2403 nitere
1235 2375 1271 2403 et
1292 2371 1424 2411 fulgere
1448 2371 1614 2403 dicuntur
1637 2370 1791 2402 siderum

251 2425 552 2468 praetereuntium
568 2424 710 2455 lumine.
759 2423 820 2455 sed
836 2433 947 2465 neque
963 2433 1024 2454 cur
1039 2426 1120 2464 post
1137 2422 1223 2454 duos
1239 2422 1430 2454 uersiculos
1450 2422 1514 2454 hoc
1533 2423 1660 2454 iterum
1682 2422 1790 2454 incul-

250 2481 349 2509 cetur
372 2479 530 2519 apparet,
553 2479 589 2507 et
612 2485 730 2506 omnes
753 2485 863 2517 nugas
886 2479 1074 2516 exsuperat
1097 2474 1216 2506 fuluus
1240 2474 1307 2506 iste
1331 2474 1424 2505 color
1447 2474 1540 2505 sedis
1562 2484 1666 2516 quam
1690 2484 1791 2505 nemo

250 2539 416 2570 umquam
446 2527 556 2559 oculis
588 2526 786 2568 usurpauit,
819 2526 875 2558 cui
905 2526 1039 2557 frustra
1072 2525 1254 2557 Bentleius
1290 2525 1396 2557 alium
1431 2524 1618 2557 substituit
1638 2525 1791 2565 furuum

251 2580 444 2612 scribendo.
493 2583 676 2621 praeterea
699 2578 967 2609 admirationem
988 2576 1096 2609 habet
1116 2577 1236 2608 mortis
1259 2577 1295 2608 in
1318 2576 1383 2609 hoc
1408 2576 1540 2618 templo
1568 2587 1789 2608 commemor-

252 2632 336 2670 atio,
356 2641 461 2673 quam
478 2630 636 2672 plerique
653 2629 766 2668 (uelut
782 2628 879 2661 Paul.
900 2628 1001 2660 Alex.
1024 2628 1059 2660 M
1077 2630 1109 2667 4,
1128 2628 1235 2660 Firm.
1255 2637 1285 2660 11
1305 2629 1343 2660 19
1359 2629 1392 2667 9)
1409 2628 1445 2660 in
1463 2632 1601 2666 octauo,
1620 2627 1790 2659 Manilius

252 2684 325 2725 ipse
341 2693 398 2714 uu.
416 2683 477 2714 951
496 2692 546 2723 sq.
563 2682 599 2713 in
616 2681 766 2722 septimo
782 2680 920 2722 reponit
935 2692 943 2718 ;
966 2690 1078 2722 neque
1093 2679 1283 2712 admodum
1298 2680 1374 2712 ueri
1389 2679 1502 2711 simile
1518 2679 1662 2711 uidetur
1676 2682 1718 2710 ut
1734 2679 1790 2710 hic

252 2738 355 2776 poeta
371 2733 489 2765 mortis
504 2732 691 2765 accusandi
708 2742 788 2763 casu
805 2731 973 2773 posuerit,
992 2730 1086 2773 quod
1103 2731 1139 2762 in
1151 2731 1255 2773 Verg.
1276 2731 1362 2763 Aen.
1378 2740 1402 2763 x
1419 2733 1483 2763 854
1498 2730 1594 2762 solus
1610 2729 1790 2762 Mer-licens

251 2785 395 2817 exhibet
415 2784 564 2823 (scilicet
584 2783 816 2825 praecedente
836 2783 970 2821 omnis),
994 2782 1177 2814 Palatinus
1195 2786 1233 2814 et
1252 2782 1430 2814 Romanus
1447 2787 1579 2814 mortes.
1628 2785 1789 2823 expecta-

252 2837 345 2868 ueris
366 2836 439 2868 fere
454 2835 679 2877 fratrumque
700 2834 789 2866 uices
808 2834 1004 2875 mentisque,
1021 2833 1116 2876 quod
1140 2833 1211 2865 illis
1231 2833 1442 2876 respondeat
1461 2843 1552 2875 quae
1572 2843 1630 2865 uu.
1655 2833 1720 2865 934
1735 2842 1786 2874 sq.

253 2887 428 2919 habentur
451 2886 587 2928 patrios
602 2910 610 2919 .
631 2910 639 2918 .
659 2910 667 2918 .
687 2896 784 2918 castus
806 2885 810 2927 Ι
820 2885 1068 2926 fortunamque
1093 2895 1232 2923 certunm
1262 2895 1343 2917 nam
1367 2884 1494 2926 uulgus
1519 2883 1787 2926 astrologorum,
