1931 3202
218 134 269 172 12
818 135 877 175 M.
909 131 1159 175 MANILII

287 254 328 287 95
389 247 433 287 et
453 248 532 286 tua
552 245 725 294 damna,
746 248 847 286 tuas
868 245 1114 294 imitantur,
1134 244 1273 293 Delia,
1296 245 1412 286 uires
1428 258 1437 294 3

386 322 436 361 tu
458 333 629 375 quoque
651 318 862 360 fraternis
883 319 944 360 sic
966 319 1112 360 reddis
1132 319 1333 361 curribus
1355 333 1432 360 ora

386 397 519 449 atque
540 394 701 435 iterum
723 407 779 434 ex
800 393 937 434 isdem
960 393 1133 448 repetis,
1156 396 1458 448 quantumque
1482 392 1662 448 reliquit

386 470 466 508 aut
486 467 608 509 dedit
630 467 702 508 ille
725 466 864 508 refers
886 469 930 508 et
950 466 1072 508 sidus
1093 467 1233 509 sidere
1255 470 1451 516 constas;

386 541 574 597 denique
595 541 657 583 sic
678 540 866 597 pecudes
887 544 932 582 et
953 544 1077 582 muta
1099 541 1309 582 animalia
1330 541 1471 588 terris,

264 624 327 657 100
389 630 487 658 011111
509 618 718 657 maneant
739 615 896 670 ignara
917 615 985 656 sui
1006 615 1202 671 legisque
1223 630 1301 671 per
1321 629 1490 663 aeuum,

386 692 547 731 natura
568 692 718 730 tamen
739 689 795 730 ad
817 688 1031 731 mundum
1052 692 1286 731 reuocante
1306 693 1534 745 parentem

386 763 599 805 attollunt
620 763 790 805 animos
811 763 1066 819 caelumque
1089 766 1134 805 et
1154 763 1299 805 sidera
1320 767 1501 805 seruant

385 852 653 893 corporaque
674 837 731 878 ad
751 837 882 879 lunae
903 838 1124 879 nascentis
1145 852 1308 879 cornua
1333 838 1526 879 lustrant

384 914 683 967 uenturasque
704 911 859 953 uident
880 911 1056 960 hiemes,
1079 911 1277 953 reditura
1298 926 1460 953 serena.

264 995 326 1028 105
385 986 483 1041 quis
504 985 680 1027 dubitet
700 989 801 1041 post
822 986 928 1027 haec
950 986 1172 1027 hominem
1194 986 1456 1042 coniungere
1478 986 1606 1034 caelo,

265 1069 351 1102 105A
391 1060 469 1101 cui
501 1093 1524 1102 ..........................

385 1134 597 1176 eximium
619 1137 781 1176 natura
801 1133 925 1176 dedit
946 1134 1232 1190 linguamque
1252 1149 1478 1190 capaxque

384 1208 611 1264 ingenium
633 1208 943 1264 uolucremque
964 1209 1172 1257 animum,
1195 1223 1323 1264 quem
1345 1208 1533 1264 denique
1554 1209 1600 1249 in
1621 1223 1756 1249 unum

384 1282 610 1324 descendit
631 1282 737 1324 deus
759 1286 892 1338 atque
913 1283 1088 1324 habitat
1109 1297 1241 1338 seque
1261 1283 1353 1338 ipse
1375 1283 1592 1338 requirit?

385 1357 513 1399 mitte
534 1357 644 1398 alias
666 1360 793 1406 artes,
816 1371 1003 1413 quarum
1026 1360 1092 1399 est
1112 1358 1324 1413 permissa
1345 1356 1534 1399 facultas

263 1440 325 1473 110
384 1431 608 1473 inuidiosa
629 1432 748 1481 adeo,
770 1446 849 1474 nec
871 1432 1011 1474 nostri
1033 1446 1216 1473 munera
1236 1446 1413 1474 census:

252 1554 294 1586 95
317 1558 382 1587 tua
402 1555 596 1595 Bentleius,
615 1559 693 1587 tum
713 1558 748 1587 Μ
768 1555 930 1588 Bentleio
947 1556 1101 1598 ignotus,
1120 1565 1199 1588 cum
1215 1559 1263 1588 GL
1350 1555 1393 1587 96
1415 1559 1533 1588 reddis
1552 1559 1616 1595 GL,
1635 1560 1756 1589 recdes

209 1610 243 1639 M
324 1609 484 1639 curribus
505 1606 573 1639 GL2
594 1611 630 1639 et
646 1610 727 1649 post
743 1616 781 1639 co
799 1607 938 1639 litteras
955 1607 1143 1639 transfixas
1159 1611 1204 1647 M,
1223 1610 1384 1639 cruribus
1400 1611 1432 1639 L.
1482 1607 1565 1639 luna
1584 1607 1628 1639 ad
1647 1608 1754 1640 solem

209 1658 376 1690 accedens
392 1669 430 1690 os
447 1669 486 1690 ac
503 1659 654 1700 speciem
675 1659 816 1698 minuit,
835 1659 929 1701 quod
951 1670 1030 1691 cum
1051 1659 1148 1698 facit,
1168 1659 1325 1691 fraterno
1342 1659 1461 1691 currui
1476 1659 1525 1698 id,
1544 1659 1638 1701 quod
1654 1659 1698 1691 ab
1715 1671 1755 1692 eo

208 1710 395 1752 acceperit,
411 1710 555 1742 reddere
571 1710 730 1751 fingitur,
746 1714 782 1742 et
794 1721 915 1742 rursus
932 1710 975 1742 ab
992 1710 1114 1742 eodem
1129 1714 1300 1752 repetere,
1316 1721 1394 1742 cum
1407 1711 1571 1742 recedens
1587 1715 1753 1753 augetur:

209 1762 301 1794 Plin.
325 1762 398 1794 n.h.
424 1771 453 1793 11
474 1763 517 1794 46
539 1762 685 1801 (lunam)
707 1762 744 1794 in
764 1762 854 1794 coitu
877 1762 1014 1803 quidem
1037 1773 1104 1794 non
1127 1762 1230 1801 cerni,
1256 1762 1419 1804 quoniam
1442 1763 1602 1795 haustum
1624 1773 1755 1795 omnem

208 1813 294 1846 lucis
305 1824 431 1845 auersa
450 1813 522 1845 ilco
537 1818 699 1854 req-erat
715 1814 818 1845 unde
834 1813 1047 1855 acceperit.
1090 1817 1262 1856 quantum
1275 1816 1394 1846 autem
1407 1814 1458 1846 sol
1470 1814 1526 1846 uel
1539 1814 1755 1846 decrescenti

208 1865 353 1907 reliquit
378 1865 435 1896 uel
459 1865 560 1897 dedit
584 1865 767 1904 crescenti,
793 1868 935 1897 tantum
961 1865 1045 1897 luna
1072 1866 1203 1897 nostris
1227 1865 1338 1897 oculis
1362 1865 1492 1897 refert:
1526 1865 1615 1898 Plin.
1641 1866 1686 1898 ib.
1713 1868 1754 1898 45

209 1921 343 1949 tainum
359 1927 399 1949 ex
414 1927 446 1948 se
463 1917 564 1949 terris
584 1917 738 1949 ostendat
759 1922 926 1958 quantum
947 1927 987 1948 esc
1007 1917 1073 1949 sole
1094 1916 1172 1958 ipsa
1193 1917 1361 1958 concipiat
1449 1916 1490 1948 97
1513 1919 1661 1956 reliquit
1676 1918 1752 1949 cod.

209 1968 434 2006 Bodleianus,
457 1970 631 2006 relinquis
652 1971 736 2000 GLM
823 1968 865 1999 98
888 1971 1000 2000 refers
1022 1968 1137 2007 Bodl„
1155 1972 1266 2001 refert
1286 1972 1370 2000 GLM
1459 1972 1601 2001 constas
1620 1972 1645 2001 G
1663 1969 1755 2001 sicut

209 2020 407 2052 coniecerat
432 2020 470 2051 F.
499 2019 632 2058 Iunius,
658 2023 825 2052 constans
850 2023 918 2052 LM.
966 2020 1066 2052 Vett.
1091 2020 1172 2052 Val.
1201 2020 1255 2052 ed.
1285 2020 1397 2052 Kroll.
1421 2031 1455 2062 p.
1484 2022 1497 2051 1
1525 2022 1565 2052 14
1589 2021 1609 2059 ἡ
1633 2022 1753 2059 σελήνη

208 2072 398 2112 ’γενομένη
419 2073 456 2103 ἐκ
475 2073 539 2110 τῆσ·
555 2073 829 2103 ἀντανακλάσεωσ
848 2074 903 2103 τοῦ
922 2073 1056 2110 ἡλιακοῦ
1073 2073 1195 2112 φωτὸσ,
1216 2072 1322 2104 schol.
1342 2072 1443 2104 Arat.
1459 2073 1524 2104 455
1540 2074 1592 2104 ὅτε
1609 2074 1642 2104 δὲ
1658 2074 1756 2104 αὐτοῦ

209 2124 378 2163 χωρίζεται
402 2148 409 2155 .
438 2147 445 2155 .
475 2147 482 2155 .
510 2124 609 2154 πάλιν
638 2147 645 2155 .
671 2148 678 2155 .
706 2148 713 2155 .
743 2124 850 2164 ὥσπερ
874 2125 1059 2163 ’γεννᾶται
1150 2123 1212 2153 100
1235 2122 1313 2155 Sen.
1339 2123 1421 2155 dial.
1447 2132 1502 2155 VII
1524 2125 1544 2155 5
1564 2124 1585 2154 2
1606 2124 1755 2156 homines

209 2185 292 2216 quos
312 2175 348 2206 in
369 2185 548 2206 numerum
564 2185 728 2215 pecorum
751 2179 780 2206 et
803 2174 1010 2206 animalium
1033 2175 1162 2215 redeyic
1185 2174 1278 2207 hebes
1301 2179 1430 2206 naczcra
1453 2180 1483 2207 et
1505 2175 1676 2215 iqnoratio
1701 2176 1755 2207 sui

209 2226 399 2268 adscripsit
418 2226 601 2258 Bentleius
691 2225 752 2256 103
776 2226 931 2268 Scaliger
953 2226 1080 2258 attulit
1103 2226 1193 2259 Plin.
1217 2228 1290 2258 n.h.
1310 2235 1382 2258 VIII
1403 2227 1424 2257 2
1442 2232 1596 2259 ductores
1618 2232 1694 2259 sunt
1718 2227 1754 2259 in

210 2277 455 2310 Alauretaniae
478 2277 619 2309 saltibus
638 2278 686 2309 ad
706 2278 878 2318 quendam
902 2288 1036 2310 amnem
1057 2277 1112 2310 cui
1132 2288 1252 2310 nomen
1273 2283 1319 2310 est
1338 2277 1458 2310 Amilo
1475 2278 1651 2310 nitescente
1670 2279 1754 2310 luna

211 2340 301 2361 noua
316 2339 430 2370 gyregyes
446 2339 561 2361 eorum
573 2329 827 2370 (elephantum)
841 2329 1036 2361 descendere
1049 2329 1160 2370 ibique
1172 2340 1203 2361 se
1212 2329 1435 2370 purificantes
1447 2330 1650 2362 sollemniter
1660 2340 1753 2371 aqua

210 2381 451 2421 circumsperqi
481 2385 582 2421 acque
612 2381 663 2412 ita
692 2380 840 2412 salutato
870 2380 980 2412 sidere
1008 2381 1046 2413 in,
1075 2381 1182 2413 siluas
1209 2382 1334 2412 reuerti
1421 2383 1500 2423 post
1528 2380 1588 2411 105
1613 2392 1753 2413 uersum

211 2432 381 2464 excidisse
397 2432 575 2464 intellexit
591 2431 749 2470 Iacobus,
769 2435 825 2463 cui
841 2432 1065 2464 inserendum
1082 2443 1156 2464 esse
1173 2433 1242 2464 iam
1258 2432 1295 2464 F.
1316 2432 1439 2464 Iunius
1455 2432 1595 2464 uiderat

256 2483 317 2514 106
341 2486 508 2516 eximium
524 2487 584 2522 GL,
604 2486 758 2515 eximum
777 2487 810 2515 Μ
900 2483 960 2514 108
984 2486 1137 2522 requirit
1156 2483 1228 2520 (ΗΡ,
1245 2486 1403 2522 requiret
1417 2487 1476 2515 LM
1566 2483 1627 2515 109
1649 2487 1753 2516 mitte

210 2534 293 2574 L2M‚
312 2538 433 2567 mittet
448 2538 482 2574 L,
501 2538 606 2567 mitto
623 2538 657 2567 G.
710 2535 828 2566 ‘nulla
843 2545 990 2577 usquam
1007 2535 1043 2566 in
1059 2538 1136 2567 toto
1152 2535 1293 2567 Manilii
1309 2540 1469 2577 poemate
1484 2546 1632 2577 persona
1648 2536 1753 2568 ullius

212 2586 310 2618 uerbi
326 2587 439 2628 prima
460 2587 496 2618 in
517 2597 535 2618 ο
555 2586 716 2618 desinens
737 2586 886 2627 legitur'
907 2586 1055 2618 Iacobus
1092 2597 1208 2629 progr.
1229 2586 1354 2618 Lubec.
1375 2598 1429 2618 an.
1452 2588 1535 2619 1834
1551 2597 1584 2628 p.
1604 2589 1635 2626 5,
1655 2588 1753 2619 euius

211 2637 467 2670 obseruationis
483 2638 557 2679 ipse
573 2641 695 2679 postea
711 2637 842 2670 oblitus
863 2640 917 2669 est
938 2648 1017 2669 cum
1033 2638 1078 2669 ad
1095 2647 1135 2670 IV
1151 2639 1213 2671 636
1231 2638 1394 2670 Doruillii
1410 2639 1645 2670 coniecturam
1662 2644 1753 2671 taceo

211 2689 390 2721 furaretur
479 2689 542 2719 110
563 2691 740 2721 inuidiosa
749 2690 782 2728 ἥ,
808 2692 932 2721 infidos
956 2692 1016 2728 GL,
1036 2692 1169 2721 insides
1187 2693 1232 2728 M,
1255 2689 1382 2729 infidas
1398 2689 1696 2732 Regiomontanus
1717 2696 1753 2722 et

212 2741 307 2772 uarie
324 2741 549 2783 interpretati
565 2740 719 2772 editores
734 2751 865 2780 omnes,
880 2751 948 2782 quo
962 2741 1050 2772 nihil
1063 2741 1256 2783 excogitari
1268 2741 1386 2782 potuit
1398 2742 1607 2783 peruersius.
1649 2746 1753 2783 poeta

212 2792 316 2830 enim,
340 2803 419 2824 cum
440 2792 703 2834 praeteritionis
724 2791 835 2834 figura
857 2803 939 2823 usus
961 2793 1140 2824 hominum
1162 2803 1240 2824 011111
1262 2792 1327 2824 (100
1348 2793 1630 2824 coniunctionem
1646 2793 1751 2824 etiam

211 2853 255 2874 ex
279 2843 426 2875 aliarum
452 2846 592 2886 praeter
617 2843 842 2885 astrologiam
867 2843 997 2875 artium
1021 2843 1193 2875 facultate
1218 2844 1268 2875 eis
1291 2854 1452 2876 concessa
1476 2844 1562 2876 satis
1585 2854 1752 2886 apparere

211 2894 397 2936 significet,
415 2906 484 2927 non
505 2897 624 2937 potest
644 2905 702 2926 eas
723 2897 817 2926 artes
839 2898 1017 2937 tamquam
1034 2894 1159 2936 infidas
1178 2895 1381 2938 uituperare
1400 2900 1435 2927 et
1457 2895 1752 2937 uituperationem
