1931 3202
601 109 1088 154 ASTRONOMICON
1129 109 1179 151 II
1607 111 1661 149 65

165 235 232 268 590
290 227 358 267 tot
378 224 493 266 bella
515 227 560 266 et
580 223 727 265 uarios
748 222 882 264 etiam
904 222 986 264 sub
1006 236 1112 278 pace
1132 221 1313 270 labores,

291 313 389 341 eum
413 299 609 339 Fortuna
629 297 760 338 fidem
782 299 978 352 quaerat,
998 296 1077 337 uix
1098 295 1271 337 inuenit
1290 308 1487 350 usquam.

292 377 339 415 at
360 375 528 428 quanta
548 375 615 413 est
635 371 846 413 scelerum
868 370 1003 412 moles
1024 385 1102 426 per
1122 369 1296 412 saecula
1316 371 1475 411 cuncta

293 461 511 502 quamque
532 460 642 487 onus
663 445 859 486 inuidiae
880 459 968 486 non
989 443 1239 486 excusabile
1259 443 1413 486 terris!

292 521 470 563 uenales
490 519 547 561 ad
568 519 665 561 fata
685 523 833 575 patres
855 521 1136 574 matrumque
1157 518 1389 574 sepulchra

352 594 376 616 ’ἥ
611 593 635 615 -ik-
870 592 894 614 -)÷
1130 592 1153 614 3(-
1389 591 1413 613 -Χ-

169 661 234 694 595
293 652 504 708 imposuit
525 651 727 693 Phoebus
747 653 920 693 noctem
942 654 1170 706 terrasque
1191 649 1383 705 reliquit.

295 726 401 782 quid
422 726 577 781 loquar
598 740 773 767 euersas
794 725 924 767 urbes
945 727 990 771 et
1010 723 1187 780 prodita
1207 723 1373 780 templa

293 803 338 843 et
358 801 506 842 uarias
525 800 645 856 pacis
666 799 810 841 clades
833 802 878 841 et
898 799 1041 840 mixta
1062 813 1234 840 uenena

292 875 560 930 insidiasque
582 874 680 923 fori,
700 873 852 916 caedes
873 874 920 914 in
940 872 1170 914 moenibus
1190 872 1298 928 ipsis

295 952 340 991 et
359 949 442 990 sub
462 948 681 990 amicitiae
702 951 976 1004 grassantem
998 947 1175 988 nomine
1196 947 1373 988 turbam
1391 949 1405 988 ἲ

171 1032 236 1065 600
294 1023 340 1064 in
361 1023 524 1079 populo
544 1023 683 1065 scelus
706 1024 772 1064 est
795 1025 839 1064 et
859 1021 1090 1063 abundant
1111 1024 1268 1063 cuncta
1290 1020 1464 1062 furoris.

124 1177 164 1212 17
190 1178 276 1210 24-ss
303 1181 426 1209 metues
443 1201 450 1209 .
472 1201 479 1209 .
501 1201 509 1209 .
532 1176 672 1218 Cyrum,
697 1187 737 1208 ue
757 1200 764 1208 .
783 1200 790 1208 .
811 1200 819 1208 .
840 1175 960 1208 iniciat
987 1185 1120 1214 manus,
1145 1175 1187 1207 35
1212 1175 1307 1212 9-14,
1333 1182 1363 1206 11
1391 1175 1410 1205 8
1433 1173 1520 1205 21-4
1609 1171 1671 1202 591

111 1229 235 1270 fidem,
260 1228 399 1261 fidelem
424 1229 628 1267 amicitiam,
646 1231 688 1260 ut
712 1227 814 1260 Ouid.
835 1227 929 1259 trist.
950 1236 963 1258 1
985 1228 1005 1259 3
1029 1227 1070 1259 66
1093 1237 1112 1258 ο
1135 1226 1220 1258 mihi
1247 1225 1374 1257 Thesea
1391 1229 1534 1266 pectora
1556 1223 1674 1255 iuncta

114 1279 208 1322 fide:
233 1284 354 1312 errant
369 1280 488 1322 Fayus
500 1283 536 1311 et
549 1279 752 1321 Pingraeus.
802 1278 904 1311 Ouid.
922 1289 963 1310 ex
980 1278 1084 1310 Pont.
1105 1286 1134 1309 11
1150 1279 1170 1310 3
1187 1278 1228 1309 23
1245 1288 1295 1319 sq.
1312 1276 1471 1317 diligitur
1485 1285 1592 1314 nemo,
1607 1273 1676 1306 nisi

124 1331 180 1364 cui
201 1331 359 1364 Fortuna
382 1332 530 1363 secunda
554 1335 625 1369 est;
644 1330 649 1372 Ι
671 1341 757 1371 quae
773 1330 875 1362 simul
891 1329 1048 1368 intonuit,
1065 1329 1229 1370 proscima
1250 1339 1400 1370 quaeque
1413 1327 1523 1368 fuyat
1611 1325 1675 1356 592

125 1387 262 1420 quanta
291 1387 347 1415 est
375 1386 445 1423 LM,
472 1386 628 1420 quantae
654 1385 679 1414 G
780 1384 890 1413 moles
917 1381 1018 1413 Voss.
1047 1382 1121 1419 390,
1154 1389 1269 1412 mores
1295 1383 1364 1418 ΒΜ,
1397 1382 1530 1411 mortes
1563 1381 1590 1410 G

167 1434 242 1474 593,
269 1445 373 1477 quem
396 1445 537 1466 uersum
561 1434 746 1466 intellectu
770 1433 976 1465 facillimum
1000 1436 1035 1464 et
1060 1432 1214 1474 Scaliger
1237 1435 1274 1463 et
1296 1430 1478 1463 Bentleius
1500 1429 1677 1472 peruersis

127 1485 384 1518 mutationibus
415 1486 668 1528 deprauarunt‚
697 1489 792 1516 recte
820 1484 1013 1527 explicauit
1040 1484 1239 1516 Gronouius
1265 1483 1337 1515 obs.
1366 1491 1395 1514 11
1426 1492 1454 1514 c.
1485 1482 1525 1514 13
1614 1479 1678 1511 594

125 1539 134 1553 ‘
148 1541 267 1579 patres
291 1548 378 1580 quos
401 1538 478 1569 nati
502 1537 557 1569 sui
574 1536 733 1568 mercede
757 1540 901 1578 accepta
920 1535 965 1567 ad
984 1535 1132 1567 exitium
1155 1534 1305 1567 tradunt
1327 1537 1528 1575 matresque
1551 1543 1572 1564 a
1594 1531 1677 1563 filiis

125 1588 289 1621 necatae'
315 1589 528 1630 Postgatius.
578 1588 661 1619 uide
677 1597 723 1619 111
741 1589 759 1620 8
778 1588 930 1619 Hectora
950 1587 1103 1619 uenalem
1122 1586 1228 1619 cineri
1315 1589 1396 1628 post
1419 1585 1513 1617 hunc
1535 1593 1676 1616 uersum

125 1640 262 1682 aliquid
287 1640 508 1672 intercidisse
533 1639 628 1671 uidit
653 1639 802 1671 Iacobus
826 1649 939 1681 progr.
968 1638 1096 1670 Lubee.
1123 1649 1179 1670 an.
1208 1638 1292 1670 1834
1314 1647 1347 1679 p.
1378 1637 1429 1676 16,
1455 1646 1556 1678 quem
1582 1637 1678 1666 recte

124 1692 233 1723 etiam
257 1702 347 1734 quae
371 1703 404 1724 u.
425 1693 489 1724 595
513 1690 557 1723 de
581 1691 653 1723 sole
677 1691 846 1722 dicuntur
868 1690 988 1732 potius
1009 1690 1054 1721 ad
1073 1689 1223 1731 Vergilii
1247 1688 1354 1721 uerba
1377 1698 1491 1730 georg.
1513 1696 1527 1719 1
1543 1686 1606 1721 467
1622 1696 1674 1728 sq.

126 1753 202 1776 cum
232 1748 335 1785 caput
367 1743 509 1775 obscura
547 1742 697 1775 nitidum
725 1742 909 1784 serruyz'ue
939 1741 1021 1774 texit
1045 1740 1244 1783 {impiaque
1281 1745 1456 1772 aeternam
1493 1738 1678 1771 timuerunt

125 1795 262 1827 saecula
286 1799 415 1827 noctem
439 1797 475 1826 et
500 1794 545 1826 ad
571 1794 728 1826 Caesaris
752 1794 961 1826 occisionem
984 1793 1176 1832 rettulisse,
1203 1803 1318 1834 quam,
1345 1802 1434 1833 quae
1458 1790 1546 1832 Fayi
1569 1790 1676 1822 inter-

124 1846 279 1889 pretatio
302 1846 383 1886 fuit,
403 1846 446 1878 ad
471 1846 573 1878 Atrei
597 1845 734 1878 facinus
758 1852 795 1877 et
820 1856 941 1877 cenam
965 1845 1154 1886 Thyestae,
1173 1843 1387 1886 persuadent
1411 1843 1472 1875 601
1488 1842 1554 1884 sas
1576 1846 1676 1882 acque

124 1898 223 1939 nefas
245 1897 392 1930 mixtum
419 1901 456 1929 et
480 1898 544 1931 604
564 1908 641 1939 pax
665 1902 710 1929 est
733 1897 867 1929 sublata
890 1907 956 1937 per
979 1896 1090 1928 orbem
1114 1896 1249 1937 pariter
1275 1906 1317 1927 ex
1342 1895 1403 1926 illo
1429 1893 1579 1936 Vergilii
1601 1893 1677 1925 loco

127 1953 281 1992 sumpta,
307 1950 371 1982 505
396 1949 523 1990 quippe
546 1949 604 1981 ubi
620 1949 686 1990 sas
710 1959 845 1981 uersum
870 1953 971 1989 atque
993 1948 1104 1989 nefas,
1127 1952 1172 1979 tot
1196 1946 1281 1979 bella
1301 1957 1366 1987 per
1387 1945 1512 1978 orbem.
1558 1945 1678 1986 itaque

126 2011 231 2032 uersu
247 2002 312 2033 594
328 2011 398 2032 non
415 2003 489 2032 tam
503 2000 621 2043 Scylla
636 2000 716 2032 Nisi
734 2002 849 2042 (quam
868 2010 975 2042 regna
992 2003 1141 2041 paterna
1157 1998 1361 2030 uendidisse
1377 1997 1446 2029 dici
1460 2008 1479 2029 a
1492 1996 1679 2038 Propertio

128 2061 174 2084 111
203 2053 243 2084 19
267 2052 308 2084 21
338 2062 388 2094 sq.
409 2052 513 2094 pauci
537 2051 763 2094 intellegunt)
790 2055 826 2083 et
852 2051 993 2084 Orestes
1018 2051 1255 2082 Alcmaeonue
1279 2048 1470 2092 significari
1496 2048 1676 2085 uidentur,

129 2114 233 2146 quam
250 2114 306 2135 res
323 2104 502 2135 Romanae
518 2114 676 2146 quaeque
699 2114 763 2145 per
778 2103 1051 2145 proscriptiones
1076 2101 1228 2134 fiebant:
1254 2101 1355 2132 uelut
1378 2100 1473 2132 Plut.
1493 2099 1579 2133 Sull.
1599 2100 1638 2131 31
1658 2099 1678 2131 6

126 2154 173 2196 τῷ
198 2156 232 2187 δὲ
255 2157 480 2187 ἀποκτείναντι
503 2157 606 2196 ’γέρασ-
631 2156 685 2186 δύο
704 2156 849 2186 τάλαντα
870 2156 934 2193 τῆσ
953 2153 1170 2195 ἅνδροφονίασ
1187 2178 1194 2185 .
1216 2178 1223 2185 .
1244 2178 1251 2185 .
1273 2153 1331 2184 κᾶν
1350 2153 1474 2193 πατέρα
1494 2152 1563 2183 υἱὸσ
1580 2149 1677 2190 ἀνέλῃ

215 2206 277 2237 595
304 2209 452 2245 reliquit
476 2209 511 2245 G,
538 2209 711 2244 relinquit
737 2209 795 2237 LM
884 2205 946 2236 596
971 2205 1056 2247 quid
1079 2205 1213 2246 loquar.
1266 2204 1321 2236 his
1343 2203 1462 2235 uerbis
1484 2206 1564 2244 post
1587 2212 1676 2234 com-

128 2263 322 2290 memorata
347 2258 539 2300 parricidia
563 2268 721 2300 qua-eque
746 2257 852 2289 solem
877 2257 1061 2299 abegerint
1084 2256 1215 2288 scelera
1237 2258 1342 2297 poeta
1364 2254 1409 2286 ad
1433 2254 1538 2297 paulo
1564 2253 1680 2285 minus

129 2309 357 2342 detestabilia
372 2309 528 2341 facinora
544 2309 751 2348 descendit3
775 2312 817 2340 ut
840 2311 1010 2350 appareat
1027 2319 1094 2340 non
1115 2312 1210 2339 recte
1234 2307 1455 2348 Postgatium
1479 2306 1557 2337 silu.
1578 2305 1675 2336 Man.

128 2372 162 2403 p.
182 2362 202 2393 9
219 2361 320 2403 eique
336 2371 516 2393 assensum
533 2361 732 2393 Breiterum
749 2371 890 2392 uersum
907 2361 971 2392 594
988 2360 1033 2391 ad
1050 2359 1251 2391 inferiorem
1267 2358 1380 2390 locum
1399 2357 1591 2389 detrusisse

173 2412 236 2444 598
259 2412 407 2444 insidias
423 2412 513 2454 fori.
563 2412 642 2445 Sen.
670 2412 753 2444 dial.
780 2420 810 2443 11
838 2412 858 2444 9
885 2411 905 2443 2
936 2411 1025 2443 inter
1051 2416 1180 2452 toyatos
1208 2409 1392 2442 latrocinia
1489 2407 1552 2439 599
1578 2416 1678 2447 gras-

129 2467 270 2496 santem
299 2467 335 2503 G,
369 2467 590 2496 crassantem
619 2466 687 2495 LM.
736 2463 868 2495 multos
905 2463 1045 2494 nomine
1076 2462 1206 2494 amicos
1240 2471 1278 2493 re
1311 2463 1528 2503 grassatores
1561 2459 1680 2502 potius

130 2526 170 2547 ae
196 2515 352 2547 latrones
448 2515 512 2546 600
535 2518 666 2554 populo
689 2518 722 2554 L,
749 2518 899 2553 populos
926 2518 996 2546 GM.
1046 2513 1124 2546 qu.
1145 2523 1196 2545 xv
1217 2513 1322 2545 29-31
1351 2511 1463 2552 uolgyz'
1492 2511 1620 2544 scelus
1650 2515 1681 2543 et

131 2566 259 2599 cunctis
273 2567 440 2608 grauiora
457 2567 607 2599 coturnis
616 2578 631 2606 ;
650 2566 654 2607 l
676 2577 758 2598 uam
781 2566 919 2605 scetus,
939 2577 961 2597 a
985 2565 1130 2606 Pyrrha
1153 2574 1364 2606 quamquam
1386 2563 1501 2595 omnia
1524 2566 1681 2604 syrmata

132 2618 264 2657 ualuas,
289 2617 426 2658 {nullus
453 2622 537 2659 aput
565 2618 712 2659 trayz'cos
737 2617 917 2659 populus
939 2617 1051 2658 facit
1132 2616 1292 2657 furoris:
1329 2615 1419 2647 Non.
1449 2624 1508 2656 pp.
1535 2614 1599 2648 497
1626 2624 1677 2655 sq.

131 2669 304 2711 yenetiaus
327 2669 459 2710 positus
481 2680 544 2711 pro
571 2669 723 2701 ablatiuo
741 2694 748 2701 .
771 2694 778 2701 .
799 2693 807 2700 .
830 2669 984 2701 Lucilius
1008 2668 1223 2700 satirarum.
1245 2692 1252 2699 .
1273 2692 1280 2699 .
1302 2666 1357 2698 lib.
1391 2671 1458 2697 VIII
1479 2675 1629 2707 quarum
1652 2670 1681 2697 et

133 2721 344 2753 abundemus
369 2731 486 2753 rerum
512 2725 542 2753 et
569 2731 719 2762 quarum
741 2720 966 2761 indiqeamns.
1017 2720 1197 2751 abundans
1220 2718 1449 2760 participium
1475 2727 1552 2748 cum
1580 2726 1681 2759 gene-

134 2773 210 2804 tiuo
240 2776 435 2814 posuerunt
462 2772 643 2814 Vergilius
669 2771 746 2803 buc.
775 2780 805 2803 11
832 2772 875 2804 20
905 2771 1048 2813 aliique,
1074 2781 1153 2802 cum
1185 2770 1343 2802 ablatiuo
1368 2768 1539 2801 Manilius
1565 2777 1580 2800 1
1603 2769 1680 2806 858,

134 2824 255 2865 itaque
286 2823 351 2855 hoc
381 2823 457 2855 loeo
478 2823 605 2864 furore
633 2823 708 2855 cod.
743 2823 837 2854 Flor.
869 2825 905 2854 et
936 2825 1018 2854 ante
1049 2821 1217 2854 Iacobum
1248 2820 1424 2859 editores;
1463 2819 1524 2851 sed
1558 2822 1684 2862 poetae

134 2875 172 2906 in
209 2874 341 2907 talibus
379 2885 484 2916 quam
521 2885 590 2906 non
628 2874 695 2906 sibi
733 2874 961 2906 constiterint
998 2873 1131 2916 optime
1169 2872 1326 2906 ostendit
1364 2871 1467 2905 Ouid.
1504 2881 1612 2903 amor.
1654 2880 1684 2902 11

897 2927 923 2955 E
