1931 3202
197 118 251 156 56
794 116 855 158 Μ.
888 116 1141 158 MANILII

370 240 507 281 usque
528 226 637 268 adeo
659 230 725 268 est
746 226 890 268 minor
911 226 1013 268 huic
1035 226 1202 268 uirtus.
1264 226 1370 282 quid
1392 227 1525 267 mirer
1546 226 1602 268 ab
1623 226 1711 268 illis

247 309 311 340 535
370 301 591 342 nascentis
613 300 771 342 Librae
793 300 991 356 superari
1014 314 1138 356 posse
1160 300 1368 356 trigono?

245 380 310 414 570
426 388 505 416 nec
525 374 617 417 sola
639 378 706 416 est
727 374 842 416 ratio
864 388 976 430 quae
997 374 1075 416 dat
1096 374 1378 416 nascentibus
1400 389 1522 416 arma

193 556 359 598 equinum
376 559 474 589 totus
490 557 585 599 parti
601 558 657 589 sui
672 557 790 596 cedit;
815 557 851 589 id
868 561 922 589 est
939 557 1091 596 homine,
1110 557 1171 600 qui
1194 557 1304 600 ipsius
1327 557 1474 589 dimidia
1498 562 1640 589 tantum
1662 568 1745 599 pars

195 610 260 647 est,
278 607 423 640 inferior
439 609 631 648 inuenitur,
647 609 769 640 ferinis
785 608 952 641 membris
968 609 1178 641 debilitatus
1266 609 1329 640 534
1345 609 1407 640 535
1431 609 1613 641 Bentleius
1629 609 1744 641 delere

194 670 299 701 quam
336 659 522 692 emendare
552 660 678 692 maluit
768 660 832 691 534
868 663 984 693 minor
1020 663 1102 692 huic
1139 662 1295 699 uirtus&
1329 663 1447 692 uirtus
1477 660 1547 692 iam
1578 660 1742 702 Scaliger,

195 713 347 743 hominis
377 714 494 743 uictus
525 711 630 750 libri3
668 711 802 744 frustra
841 711 989 744 Iacobus
1020 712 1161 750 homini,
1195 712 1290 754 quod
1328 723 1407 744 cum
1448 722 1540 744 anno
1580 713 1663 745 1834
1701 712 1744 744 de

195 762 381 795 Centauris
403 762 448 794 ab
472 763 625 795 Hercule
649 762 737 795 fusis
760 764 964 805 fugatisque
986 764 1244 805 interpretatus
1263 768 1367 803 esset,
1387 765 1422 795 in
1446 763 1602 796 editione
1625 770 1743 796 autem

194 819 239 846 cst
271 813 401 846 homini
430 814 540 846 uictus
570 825 634 856 pro
669 815 842 847 ‘hominis
871 815 1000 847 uirtuti
1027 815 1145 847 omnia
1171 815 1321 847 cedunt’
1349 815 1462 857 accipi
1487 815 1646 847 iussisset
1670 826 1744 847 sese

195 865 370 897 hominem
402 869 500 898 ratus
532 876 684 908 suaeque
716 867 846 898 uirtuti
877 877 1071 898 sermonem
1107 866 1275 898 Latinum
1308 877 1498 905 cessurum,
1533 877 1613 898 mox
1648 867 1743 898 Post-

193 917 310 959 gatius
333 917 412 949 silu.
433 917 529 949 Man.
554 928 587 960 p.
609 918 628 950 9
652 918 722 950 ista
746 917 854 950 uerba
880 918 1041 950 ‘homine
1064 918 1178 949 minor
1201 918 1274 950 est'
1298 917 1496 960 significare
1521 918 1649 957 uoluit,
1675 929 1743 960 quo

195 970 280 1007 iure,
301 968 375 1010 ipse
391 968 533 1001 uiderit.
583 969 670 1011 quid
686 969 781 1011 quod
797 970 847 1001 sic
864 970 1059 1001 inuertitur
1074 971 1361 1011 argumentatio?
1405 980 1518 1011 neque
1541 970 1635 1001 euim
1659 970 1743 1002 haee

194 1023 289 1052 recte
326 1019 534 1062 procedunt,
577 1023 707 1062 ‘usque
739 1020 827 1052 adeo
859 1021 999 1052 homine
1030 1021 1176 1053 inferior
1207 1024 1261 1053 est
1292 1020 1491 1054 Centaurus
1521 1024 1563 1052 ut
1599 1025 1744 1063 propter

194 1071 360 1113 equinum
376 1074 515 1114 tergum
531 1071 684 1104 humana
700 1072 754 1103 sui
770 1076 871 1114 parte
888 1072 1034 1104 inferior
1049 1072 1115 1104 sit’
1130 1085 1138 1105 ι
1163 1073 1357 1114 requiritur
1384 1074 1392 1089 ‘
1404 1083 1514 1114 usque
1530 1071 1617 1104 adeo
1634 1083 1744 1115 equus

194 1123 334 1155 homine
364 1123 510 1155 inferior
541 1123 620 1162 est‚'
651 1123 745 1165 quod
776 1124 929 1156 restitui.
979 1124 1070 1163 huic,
1103 1125 1236 1166 tergori
1263 1124 1386 1162 ferino,
1417 1127 1519 1156 tanto
1543 1124 1659 1155 minus
1690 1130 1744 1156 est

195 1175 340 1207 uirtutis
363 1185 467 1216 quam
491 1175 636 1214 homini,
657 1178 698 1207 ut
714 1175 810 1207 ultro
827 1176 921 1207 uires
937 1175 1106 1207 detrahat
1125 1175 1302 1208 Centauro
1318 1186 1361 1207 ex
1377 1186 1466 1217 equo
1482 1178 1589 1217 atque
1605 1175 1744 1207 homine

194 1226 316 1258 mixto.
365 1226 520 1268 Scaliger
546 1230 734 1269 postquam
760 1237 859 1259 suam
884 1227 1122 1259 coniecturam
1149 1237 1252 1268 usque
1280 1227 1365 1259 adeo
1390 1232 1435 1259 est
1462 1227 1609 1259 homini-s·
1633 1227 1745 1259 uirtus

197 1280 204 1293 ‘
216 1281 318 1309 tanta
334 1282 388 1310 est
405 1278 556 1310 hominis
569 1278 685 1310 uirtus
697 1278 704 1292 '
721 1278 980 1321 interpretatus
996 1282 1061 1318 est,
1083 1281 1092 1295 ‘
1105 1289 1235 1310 nouum
1247 1278 1255 1292 '
1271 1279 1389 1320 inquit
1409 1280 1416 1294 ‘
1427 1289 1537 1321 genus
1553 1278 1744 1320 loquendi.’

196 1329 340 1361 ‘immo'
369 1330 421 1361 ait
446 1329 628 1362 Bentleius
662 1332 719 1361 ‘et
743 1341 875 1362 nouum
900 1333 937 1362 et
961 1330 1107 1362 mirum'
1198 1332 1284 1369 quid
1309 1330 1514 1372 Postgatius
1539 1330 1617 1362 silu.
1643 1330 1740 1362 Man.

192 1391 224 1422 p.
257 1382 289 1419 9,
319 1383 366 1419 qd
392 1384 437 1420 M,
464 1381 525 1423 qui
551 1384 672 1413 utrum
696 1382 744 1423 gd
768 1393 813 1413 an
837 1382 892 1423 ρῐῑ
909 1381 1064 1414 uoluerit
1087 1381 1261 1413 incertum
1285 1385 1350 1420 est,
1379 1385 1471 1420 quod
1498 1385 1532 1421 L,
1560 1391 1629 1420 quo
1654 1381 1742 1414 GL2:

194 1432 358 1464 similiter
376 1441 390 1464 1
406 1434 470 1467 744
486 1433 570 1474 quid
586 1436 632 1472 Μ,
651 1433 742 1474 quod
757 1436 791 1472 L,
811 1443 875 1474 quo
892 1432 964 1465 GL²
1052 1433 1113 1464 535
1131 1436 1311 1465 nascentis
1327 1432 1405 1472 (ΗΕ),
1424 1435 1585 1465 nascenti
1599 1437 1657 1465 ΒΜ

234 1486 376 1523 trigono
388 1487 458 1523 ΒΜ,
472 1487 655 1523 trigonum
667 1483 735 1516 (³122
750 1489 786 1516 et
799 1485 953 1517 editores
966 1495 1085 1516 omnes
1173 1485 1341 1517 nascentis
1357 1496 1427 1517 acc.
1443 1485 1534 1526 plur.
1584 1485 1745 1517 mirabile

195 1546 261 1567 non
283 1539 337 1568 est
360 1536 518 1568 homines
540 1547 561 1567 a
584 1536 698 1568 Leone
715 1536 839 1568 Ariete
855 1536 1048 1578 Sagittario
1064 1540 1249 1568 nascentes
1265 1547 1366 1578 posse
1387 1537 1548 1578 superari
1568 1547 1588 1568 a
1605 1537 1743 1579 trigono

192 1587 329 1626 Librae,
348 1587 413 1619 hoc
429 1590 484 1619 est
499 1587 542 1619 ab
560 1587 760 1619 hominibus
777 1588 858 1620 inde
875 1587 1112 1626 nascentibus,
1131 1587 1427 1629 quemadmodum
1452 1588 1612 1629 loquitur
1635 1588 1742 1620 etiam

192 1640 257 1671 545
280 1649 330 1681 sq.
350 1650 433 1680 quos
457 1639 678 1671 Geminorum
695 1637 815 1671 *sidera
830 1639 1002 1681 formant,
1029 1639 1032 1681 Ι
1053 1639 1105 1671 his
1124 1650 1199 1672 cum
1215 1639 1389 1680 Lanislero
1406 1640 1527 1671 bellum
1544 1645 1600 1671 est.
1650 1640 1744 1681 qnod

192 1690 238 1722 ad
255 1690 417 1722 datiuum
433 1691 576 1730 attinet,
596 1690 678 1722 uide
695 1700 725 1722 11
741 1692 805 1723 965
821 1691 908 1723 mihi
921 1716 928 1722 .
946 1715 953 1723 .
972 1716 979 1723 .
997 1696 1171 1729 canentur,
1194 1700 1238 1723 111
1255 1692 1320 1723 314
1336 1691 1506 1723 lustratur
1519 1716 1526 1723 .
1545 1716 1551 1723 .
1570 1716 1576 1723 .
1595 1691 1740 1730 Phoebo,

192 1743 256 1774 569
294 1742 441 1774 uinceris
477 1747 582 1781 astro,
616 1752 657 1774 IV
686 1743 751 1775 302
782 1742 1006 1775 habitantur.
1027 1768 1034 1775 .
1057 1767 1064 1775 .
1084 1743 1190 1783 siquis
1287 1742 1436 1774 570-578
1467 1743 1744 1785 transpositione

193 1794 315 1826 multis
331 1794 531 1825 nominibus
548 1795 743 1826 necessaria
759 1797 842 1826 ante
859 1794 922 1825 536
938 1794 1120 1833 collocani,
1136 1794 1230 1826 unde
1246 1805 1325 1826 cum
1341 1793 1477 1826 librarii
1494 1795 1628 1826 incuria
1644 1806 1664 1826 a
1680 1795 1743 1827 535

193 1845 326 1886 crissono
342 1845 387 1877 ad
403 1845 466 1879 578
483 1845 619 1886 crissona
635 1845 833 1877 aberrantis
849 1845 1072 1885 excidissent,
1092 1849 1216 1887 postea
1240 1846 1354 1877 alieno
1378 1845 1453 1877 loco
1477 1846 1623 1887 repositi
1646 1853 1739 1878 suut.

193 1896 307 1929 alieno
331 1897 497 1939 inquam;
521 1907 603 1928 nam
626 1901 663 1929 et
685 1897 799 1929 multo
824 1898 955 1929 rectius
978 1908 1100 1929 uersus
1119 1898 1183 1931 579
1202 1908 1253 1939 sq.
1270 1907 1334 1938 per
1353 1902 1399 1929 tot
1423 1897 1598 1937 siqnorum
1620 1898 1745 1939 species

194 1948 370 1980 contraria
407 1953 549 1989 sumunt
571 1947 576 1991 Ι
595 1959 753 1990 corpora,
789 1953 900 1990 totque
938 1949 1048 1981 modis
1086 1949 1205 1981 tociens
1242 1949 1385 1981 inimica
1423 1954 1583 1981 creantur
1620 1950 1743 1981 statim

194 2000 448 2032 enumerationi
474 2000 630 2032 hostium
659 2011 764 2032 uersu
795 2001 858 2032 569
890 2000 1072 2032 absolutae
1103 2000 1328 2032 subiciuntur
1359 2011 1464 2042 quam
1489 2001 1571 2032 huic
1596 2001 1744 2033 rationis

194 2052 428 2094 geometricae
443 2051 668 2093 expositioni,
687 2055 724 2083 et
740 2052 834 2084 omni
850 2062 954 2084 sensu
975 2053 1164 2094 priuantur
1185 2052 1269 2084 illuc
1290 2052 1440 2084 traiecta
1461 2052 1569 2084 uerba
1591 2063 1648 2084 uec
1672 2053 1743 2084 sola

195 2108 240 2135 est
255 2105 345 2135 ratio
362 2114 396 2136 u.
415 2103 490 2138 570.
538 2114 628 2145 quae
644 2103 738 2145 quod
762 2104 957 2146 Pingraeus
973 2107 1115 2135 enarrat
1142 2104 1338 2145 ‘plusieurs
1361 2114 1482 2135 causes
1506 2104 1743 2143 concourent,'

194 2165 311 2187 errore
335 2155 538 2196 implicatur
560 2166 638 2186 cum
664 2154 840 2197 Sealigero
865 2156 1053 2194 communi,
1080 2155 1178 2187 cuius
1202 2155 1287 2187 haec
1311 2155 1494 2187 adnotatio
1516 2159 1582 2194 est,
1612 2158 1744 2198 ‘neque

195 2217 278 2238 uero
308 2217 378 2238 una
407 2210 462 2238 est
492 2207 585 2238 ratio
615 2208 678 2245 τῆσ
705 2208 896 2239 οἰκειώσεωσ
921 2209 972 2238 καὶ
997 2208 1234 2245 ἀνοικειότητοσ
1263 2209 1326 2238 τῶν
1356 2207 1501 2246 ζωδίων.’
1545 2207 1645 2248 atqui
1672 2218 1744 2239 una

197 2258 317 2290 Latini
337 2268 402 2299 pro
423 2269 462 2289 eo
479 2258 573 2300 quod
589 2262 644 2290 est
662 2258 806 2299 simplex
828 2258 1004 2297 dicebant,
1024 2259 1097 2291 sola
1119 2269 1188 2289 non
1212 2257 1387 2290 dicebant.
1438 2258 1502 2290 hoc
1525 2259 1586 2300 qui
1609 2259 1744 2300 primus

195 2312 302 2351 atque
325 2309 412 2341 adeo
435 2309 529 2341 solus
552 2310 701 2341 sensisse
724 2310 868 2342 uidetur
889 2310 1006 2351 Fayus
1028 2310 1296 2351 exprimendum
1315 2310 1454 2342 curauit
1474 2320 1532 2342 nec
1553 2310 1625 2342 sola
1648 2310 1743 2343 haec

195 2360 309 2399 ratio3
333 2371 437 2403 quam
461 2361 649 2393 lectionem
673 2361 854 2393 Breiterus
876 2372 953 2393 cum
976 2362 1012 2393 in
1035 2364 1174 2393 textum
1193 2372 1262 2393 non
1282 2361 1431 2403 recipiat
1454 2362 1491 2393 in
1514 2361 1742 2394 adnotatione

197 2413 464 2454 interpretatur.
521 2412 582 2444 sed
612 2412 693 2445 haec
723 2413 815 2445 ratio
846 2423 915 2455 quo
945 2413 1121 2445 referatur
1151 2423 1221 2444 non
1252 2413 1370 2452 habet,
1404 2413 1569 2454 quoniam
1599 2413 1741 2454 quidem

196 2464 461 2496 inimicitiarum
477 2474 584 2506 supra
596 2464 757 2496 uersibus
772 2465 923 2497 541-569
939 2467 1223 2496 enumeratarum
1236 2464 1328 2496 ratio
1345 2465 1453 2496 ferme
1469 2464 1584 2496 adhuc
1597 2464 1743 2496 obseura

196 2518 250 2547 est
267 2518 302 2547 et
317 2515 482 2547 inferiore
499 2515 640 2547 demum
656 2516 743 2555 loco,
761 2516 921 2548 uersibus
937 2517 1094 2557 proxime
1111 2515 1377 2557 insequentibus
1393 2515 1512 2555 57:7³8,
1528 2516 1739 2548 declaratur.

196 2567 317 2609 itaque
341 2567 471 2608 requiri
495 2567 684 2599 uidebatur
706 2578 764 2600 nec
788 2568 903 2600 nulla
926 2572 972 2599 est
987 2568 1079 2600 racio
1100 2567 1156 2599 uel
1173 2567 1266 2609 quod
1288 2567 1421 2599 minore
1445 2578 1523 2599 cum
1545 2568 1742 2599 mutatione

195 2629 286 2650 anno
315 2619 398 2651 1903
423 2618 588 2660 proposui
610 2629 669 2651 ‘nec
693 2619 749 2651 sic
773 2619 858 2651 dest
884 2619 987 2659 ratio,
1013 2619 1078 2651 hoc
1102 2622 1156 2651 est
1178 2630 1222 2650 ne
1245 2619 1282 2651 in
1307 2622 1409 2650 tanta
1431 2618 1574 2660 quidem
1599 2626 1741 2661 tamque

196 2669 385 2711 multiplici
411 2670 677 2702 inimicitiarum
704 2670 831 2703 turba:
867 2681 959 2702 nunc
986 2671 1109 2702 melior
1139 2681 1214 2702 sese
1245 2671 1385 2712 aperuit
1412 2671 1480 2702 uia.
1529 2670 1660 2702 etenim
1687 2670 1741 2702 his

195 2731 320 2753 nouem
342 2721 522 2753 uersiculis
546 2722 745 2764 praemissis
761 2733 831 2754 una
847 2732 957 2764 eaque
972 2723 1162 2764 praecipua
1181 2733 1285 2754 causa
1302 2725 1357 2753 tot
1381 2722 1646 2754 inimicitiarum
1668 2725 1740 2753 tam

195 2773 310 2814 specie
333 2772 570 2812 confusarum,
588 2783 675 2815 quas
690 2777 795 2815 poeta
812 2784 869 2805 uu.
890 2775 951 2806 541
978 2784 1051 2816 sqq.
1072 2776 1329 2805 memoraturus
1353 2776 1418 2812 est,
1438 2773 1562 2805 lectori
1586 2773 1740 2805 traditur

196 2824 350 2865 alioquin
382 2824 550 2856 haesuro:
591 2824 738 2856 alteram
776 2825 1007 2867 suppeditant
1045 2825 1164 2863 536-8,
1198 2825 1234 2857 in
1268 2824 1396 2866 quibus
1431 2825 1550 2856 mirari
1588 2824 1741 2856 editores

195 2875 392 2908 debuerunt
409 2886 470 2907 cur
493 2875 628 2908 breuior
649 2877 740 2908 ratio
764 2876 942 2908 diceretur
959 2876 1092 2919 longior
1112 2880 1148 2908 et
1172 2877 1208 2908 in
1228 2876 1316 2908 duos
1339 2876 1496 2919 integros
1517 2876 1740 2908 hexametros
