1931 3202
236 111 292 150 50
835 108 896 150 M.
929 107 1063 150 MAN
1067 107 1181 150 ILII

284 230 349 263 480
407 220 643 277 diligerent
664 221 751 262 alia
773 224 817 262 et
838 235 977 262 noxas
998 220 1249 277 bellumque
1271 225 1511 269 mouerent,

409 295 477 337 his
499 296 632 338 etiam
655 295 857 351 propriae
879 294 995 336 foret
1015 294 1293 351 indulgentia
1315 296 1457 343 sortis,

407 378 459 411 ut
479 384 524 411 se
545 369 782 425 diligerent
802 383 972 424 semper
993 369 1163 425 sibique
1185 370 1281 426 ipsa
1301 369 1522 425 placerent
1541 386 1548 418 ;

406 444 521 486 sicut
541 446 724 485 naturas
746 443 974 484 hominum
995 443 1227 500 plerasque
1248 443 1450 485 uidemus

406 518 482 573 qui
503 532 641 573 genus
662 532 718 559 ex
738 517 875 573 signis
896 517 1065 559 ducunt
1085 517 1381 560 formantibus
1403 522 1536 560 ortus.

282 601 346 633 485
463 592 693 634 consilium
709 591 801 647 ipse
815 606 944 633 suum
966 596 1033 633 est
1052 592 1193 642 Aries,
1213 596 1267 635 ut
1287 593 1483 648 principe
1505 591 1688 648 dignum
1703 597 1779 640 est,

404 666 531 708 audit
551 680 596 707 se
618 665 883 721 Libramque
903 666 1038 715 uidet,
1059 665 1304 709 frustratur
1323 666 1512 708 amando

405 740 624 790 Taurum3
655 740 873 796 Lanigero
894 741 969 796 qui
992 740 1194 782 fraudem
1216 741 1354 783 nectit
1375 745 1420 782 et
1441 740 1559 782 ultra

404 813 620 871 fulgentis
641 815 838 870 geminos
859 814 985 856 audit
1006 829 1084 871 per
1111 814 1255 857 sidera
1277 815 1432 863 Pisces,

228 963 407 1006 Vergilius
438 966 473 996 et
500 963 648 996 Ouidius
674 964 837 996 uitarunt
924 964 990 995 480
1016 964 1194 1005 diliqerent
1222 964 1315 997 inter
1341 975 1391 1004 se,
1413 964 1507 1006 quod
1534 975 1577 996 ex
1602 965 1781 1006 superiore

229 1026 333 1047 uersu
351 1014 567 1047 audiendum
591 1018 655 1046 est.
704 1015 778 1047 alia
795 1016 1046 1048 nominatiuus.
1095 1026 1260 1057 peruerse
1283 1016 1368 1048 haec
1392 1016 1559 1048 distinxit
1582 1015 1777 1053 Bentleius,

229 1066 316 1098 adeo
339 1077 516 1109 peruerse,
542 1070 584 1098 ut
607 1067 639 1098 ei
662 1066 802 1099 adsensi
825 1067 896 1098 sint
919 1067 1068 1099 Iacobus
1092 1067 1287 1099 Bechertus
1310 1067 1492 1100 Breiterus
1579 1066 1642 1098 481
1667 1066 1781 1098 indul-

229 1122 352 1160 gerent
373 1128 456 1150 suae
479 1119 577 1157 sorti,
601 1118 666 1150 hoc
690 1123 744 1150 est
767 1118 835 1150 sibi
922 1118 1074 1150 485-514
1097 1119 1140 1150 de
1165 1119 1229 1150 hoc
1251 1119 1338 1158 loco,
1361 1123 1550 1161 antequam
1575 1118 1621 1150 ad
1643 1119 1782 1160 singula

232 1169 406 1209 accedam,
431 1180 542 1212 pauca
567 1170 655 1202 mihi
678 1171 714 1202 in
742 1170 947 1202 uniuersum
972 1173 1055 1202 sunt
1079 1170 1237 1203 dicenda.
1287 1171 1322 1203 in
1345 1181 1414 1213 quo
1437 1181 1526 1213 quae
1550 1170 1593 1202 de
1616 1170 1725 1212 signis
1748 1181 1784 1202 se

231 1221 436 1253 uidentibus
453 1225 489 1253 et
505 1221 734 1253 audientibus
750 1225 855 1263 poeta
871 1221 994 1260 tradit,
1015 1232 1055 1253 ea
1072 1226 1108 1254 et
1123 1222 1329 1264 planissima
1345 1227 1440 1261 sunt,
1459 1222 1528 1254 nisi
1551 1221 1645 1264 quod
1668 1221 1783 1253 tribus

230 1273 328 1312 locis,
346 1274 408 1308 487
426 1283 493 1315 sq.,
512 1273 575 1307 497
593 1283 659 1315 sq.,
678 1274 754 1312 503,
774 1273 897 1305 turbas
918 1273 1044 1305 intulit
1060 1278 1227 1316 corrupta
1245 1273 1416 1306 librorum
1432 1274 1610 1311 memoria,
1627 1277 1664 1305 et
1686 1278 1782 1305 recte

228 1325 298 1356 iam
314 1324 358 1356 ab
374 1324 453 1356 aliis
469 1324 661 1356 intellecta.
711 1328 835 1357 contra
851 1325 887 1356 in
904 1325 954 1356 eis
970 1336 1059 1367 quae
1070 1325 1113 1357 de
1125 1325 1327 1357 amantibus
1339 1329 1375 1357 et
1387 1325 1547 1357 fraudem
1559 1324 1783 1357 nectentibus

230 1376 498 1419 praecipiuntur
528 1387 549 1408 a
579 1387 663 1409 uero
695 1376 907 1408 aberrarunt
937 1380 974 1408 et
1004 1377 1113 1409 ceteri
1144 1381 1181 1409 et
1219 1377 1294 1419 ipse
1324 1377 1517 1409 Bentleius.
1575 1387 1657 1408 nam
1687 1376 1782 1418 quod

229 1427 413 1460 Bentleius
437 1427 482 1460 ad
505 1439 539 1460 u.
567 1429 630 1461 503
654 1431 691 1460 et
714 1429 750 1460 in
773 1428 963 1460 schematis
987 1428 1105 1471 Fayus
1132 1432 1168 1460 et
1195 1428 1344 1461 Iacobus
1367 1429 1485 1460 odium
1509 1431 1782 1460 commemorant

229 1481 417 1522 signorum,
452 1479 551 1522 signa
582 1490 618 1511 se
649 1479 729 1511 odio
760 1479 928 1512 habentia
960 1479 1130 1512 Manilius
1168 1491 1273 1512 uersu
1311 1481 1452 1512 demum
1483 1481 1545 1513 541
1578 1490 1781 1511 enumerare

231 1531 370 1573 incipit,
403 1531 459 1563 his
489 1534 608 1562 autem
639 1531 769 1570 uerbis,
801 1532 864 1566 487
896 1531 1071 1572 Laniyero
1109 1532 1169 1573 qui
1196 1532 1368 1572 fraudem
1405 1532 1518 1570 nectit,
1551 1532 1615 1564 496
1654 1531 1782 1564 Cancri

229 1588 393 1625 captatur
424 1582 606 1624 Aquarius
631 1588 719 1622 astu,
754 1584 819 1616 500
850 1583 1051 1625 Saqittijero
1083 1589 1228 1616 conatur
1257 1589 1384 1616 nectere
1407 1583 1588 1624 fraudem,
1618 1583 1682 1615 519
1712 1583 1782 1614 illis

229 1634 376 1667 insidia-3
399 1635 540 1666 tendant
566 1634 788 1676 (quibuscum
812 1636 1008 1677 comparari
1031 1639 1179 1677 possunt
1203 1635 1306 1677 Prop.
1327 1644 1357 1667 11
1381 1636 1423 1668 32
1447 1636 1486 1667 19
1503 1646 1554 1677 sq.
1574 1634 1722 1666 insidia->²
1745 1635 1781 1666 in

230 1697 282 1719 me
297 1686 470 1727 componis
487 1686 617 1725 inanes,
642 1686 646 1728 l
666 1686 776 1718 tendis
799 1686 889 1718 iners
905 1687 1001 1719 docto
1020 1687 1110 1719 relia
1132 1692 1215 1718 nota
1237 1687 1349 1726 mihi),
1368 1697 1439 1718 non
1462 1686 1580 1718 odium
1606 1685 1783 1727 significat

230 1737 302 1777 sed,
321 1740 362 1769 ut
386 1748 456 1769 una
477 1748 563 1769 uoce
584 1737 850 1779 Francogallica
866 1738 1158 1780 comprehendam
1176 1738 1271 1780 quod
1292 1738 1425 1770 homini
1446 1738 1604 1770 Romano
1620 1738 1782 1780 pluribus

231 1789 419 1822 dicendum
435 1793 523 1828 erat,
543 1789 753 1831 coquetterie.
803 1790 934 1822 etenim
958 1790 1078 1822 odium
1102 1793 1139 1822 et
1161 1790 1300 1822 hostilis
1317 1791 1454 1822 animus
1476 1801 1547 1821 non
1570 1790 1614 1829 ei,
1633 1790 1694 1831 qui
1717 1789 1782 1821 hoc

231 1841 306 1874 loco
322 1845 623 1879 commemoratur,
645 1842 756 1873 amori
773 1842 848 1873 siue
864 1843 968 1882 ἔρωτι,
987 1841 1049 1873 sed
1064 1842 1242 1874 amicitiae
1262 1842 1337 1874 siue
1353 1843 1457 1882 φιλίᾳ,
1477 1841 1520 1873 (le
1537 1852 1605 1883 qua
1622 1841 1781 1873 uersibus

231 1894 382 1926 608—640
397 1895 534 1934 agetur,
554 1893 732 1924 contraria
748 1896 831 1925 sunt
845 1905 854 1931 ;
879 1893 916 1925 id
932 1893 1027 1935 quod
1043 1894 1130 1925 satis
1151 1893 1344 1925 ostendunt
1367 1893 1508 1925 Gemini
1531 1893 1649 1925 Pisces
1664 1904 1697 1924 u.
1717 1893 1782 1924 493

230 1948 400 1983 amantes,
419 1955 452 1976 u.
472 1945 536 1976 568
557 1944 650 1976 bello
671 1950 874 1986 urguentes,
894 1944 1001 1976 Libra
1017 1944 1199 1987 Scorpium
1216 1956 1249 1977 u.
1270 1945 1335 1977 502
1351 1955 1483 1983 amans,
1503 1955 1536 1977 u.
1556 1946 1620 1977 559
1641 1945 1777 1987 fugans.

232 1996 274 2028 ‹le
297 1996 477 2038 signorum
499 2006 617 2027 amore
641 1999 677 2028 et
701 1996 887 2028 fraudibus
910 1997 1092 2028 amatoriis
1108 2007 1197 2038 quae
1214 1996 1385 2028 Manilius
1408 1996 1554 2038 exponit
1576 1996 1662 2027 haec
1684 2002 1779 2028 sunt.

231 2058 344 2079 mares
381 2047 531 2079 feminas
560 2053 702 2080 amant:
742 2048 906 2090 princeps
943 2048 1179 2080 masculorum
1217 2048 1321 2080 Aries
1359 2048 1515 2080 Taurum
1553 2047 1782 2079 femineorum

230 2099 436 2141 principem,
455 2099 570 2131 Tauro
587 2099 697 2131 uicini
720 2099 860 2131 Gemini
876 2100 1012 2131 uicinos
1034 2100 1152 2132 Arieti
1175 2099 1303 2138 Pisces,
1322 2099 1377 2131 his
1400 2100 1583 2141 proximus
1605 2099 1784 2141 Aquarius

232 2150 404 2184 Cancrum
433 2151 504 2182 illis
530 2151 742 2193 proximum,
772 2152 882 2183 ceteri
913 2151 1088 2193 deinceps.
1139 2162 1181 2183 ex
1211 2151 1422 2183 feminarum
1452 2161 1597 2183 numero
1627 2161 1716 2193 quae
1747 2152 1783 2182 in

231 2202 501 2245 septentrionali
526 2202 661 2234 zodiaci
687 2206 789 2244 parte
820 2203 957 2244 positae
988 2207 1073 2235 sunt
1099 2203 1298 2235 meretricio
1325 2203 1442 2234 animo
1469 2202 1684 2235 amatoribus
1711 2203 1783 2234 suis

231 2254 392 2286 fraudem
414 2257 564 2286 nectunt
589 2255 696 2293 (sicut
719 2254 926 2295 Propertius
950 2264 980 2286 11
1004 2256 1023 2287 9
1043 2256 1083 2287 31
1102 2265 1153 2297 sq.
1173 2254 1268 2287 uobis
1291 2256 1408 2296 inquit
1422 2255 1534 2295 facile
1557 2259 1603 2286 est
1626 2254 1728 2286 uerba
1753 2259 1782 2286 et

231 2316 426 2347 componere
441 2305 621 2346 fraudes:
641 2306 646 2346 Ι
667 2306 726 2338 hoc
753 2317 859 2338 ‘unum
884 2306 1007 2338 didicit
1025 2306 1165 2347 femina
1191 2317 1323 2347 semper
1348 2308 1458 2347 opus),
1485 2306 1622 2338 Taurus
1653 2306 1780 2344 Arieti,

232 2358 365 2390 Cancer
381 2358 551 2399 Aquario,
569 2357 681 2398 Virgo
699 2357 891 2399 Sagittario
906 2370 914 2396 ;
938 2357 981 2390 de
1001 2357 1217 2390 australibus
1234 2358 1378 2400 Scorpio
1395 2357 1607 2400 Capricorno
1624 2357 1783 2389 Piscibus

233 2409 412 2441 silentium
429 2412 493 2447 est,
514 2413 555 2440 ut
573 2409 762 2441 uideantur
784 2419 820 2441 se
836 2410 1044 2451 permittere
1065 2410 1177 2441 amari
1199 2411 1328 2441 amoris
1351 2410 1447 2451 ipsae
1467 2412 1639 2451 expertes.
1689 2413 1785 2440 certe

232 2460 329 2493 nulla
355 2461 410 2492 his
437 2460 598 2492 uersibus
623 2461 755 2492 diserte
779 2465 1097 2493 commemorantur
1120 2462 1220 2502 signa
1246 2471 1335 2503 quae
1363 2461 1496 2492 mutuis
1515 2461 1641 2492 animis
1663 2465 1782 2492 ament

231 2516 413 2544 amentur:
446 2522 515 2543 non
542 2522 623 2553 ergo
652 2512 719 2544 huc
747 2516 886 2554 spectat
913 2513 977 2545 469
1001 2513 1119 2544 odium
1137 2513 1306 2553 foeda-sue
1330 2517 1473 2553 geruum
1505 2511 1549 2544 de
1572 2513 1635 2544 518
1663 2517 1781 2543 autem

231 2563 346 2596 dicam
373 2574 452 2595 cum
479 2574 518 2595 eo
545 2567 756 2605 peruentum
783 2564 852 2595 erit
939 2564 1003 2595 485
1029 2564 1207 2596 consilium
1233 2564 1304 2605 ipse
1331 2575 1430 2596 suum
1459 2569 1504 2595 esc
1535 2563 1641 2595 Aries
1670 2574 1783 2605 neque

232 2618 372 2656 praeter
395 2625 431 2647 se
452 2615 615 2657 cuiquam
631 2625 732 2647 aures
754 2615 900 2657 praebet
924 2616 1135 2654 consiliario,
1154 2616 1247 2657 quod
1271 2616 1432 2657 sequenti
1455 2626 1558 2647 uersu
1582 2615 1724 2647 breuius
1747 2619 1783 2646 et

234 2666 372 2708 planius
401 2666 615 2705 declaratur,
648 2667 749 2698 audit
780 2677 822 2699 se.
877 2666 979 2700 Ouid.
1015 2667 1098 2699 fast.
1133 2676 1178 2698 111
1210 2668 1274 2701 ‘276
1306 2667 1433 2709 Egeria
1465 2667 1603 2698 Numae
1634 2665 1783 2698 coniunx

231 2718 472 2759 consiliumque
479 2717 555 2758 suit
642 2717 706 2748 486
723 2727 760 2750 se
779 2717 901 2751 Carrio
917 2722 991 2750 ant.
1011 2719 1092 2750 lect.
1113 2727 1143 2750 11
1159 2719 1190 2756 7,
1210 2721 1241 2750 si
1257 2718 1339 2750 libri
1418 2718 1621 2758 frustratur
1642 2718 1782 2760 passiuo

231 2780 334 2801 sensu
361 2773 401 2801 ut
426 2778 439 2800 1
461 2770 524 2803 879
537 2769 740 2810 frustrata:
767 2770 914 2802 uerbum
938 2769 1116 2811 deponens
1140 2769 1235 2811 apud
1258 2769 1444 2801 Manilium
1470 2780 1539 2801 non
1560 2773 1669 2801 extat.
1719 2779 1781 2800 cur

231 2821 436 2859 frustretur,
465 2831 569 2852 causa
600 2821 723 2852 statim
755 2820 917 2852 reciditur
1004 2821 1068 2852 487
1095 2824 1208 2853 nectit
1238 2832 1303 2853 om.
1333 2824 1358 2853 G
1446 2821 1539 2852 vltra
1569 2820 1780 2863 Lanigerum

222 2872 406 2913 fzdyentes,
426 2872 487 2913 qui
508 2871 616 2904 Tauri
637 2876 673 2904 et
696 2871 849 2904 Piscium
871 2872 1006 2904 medius
1029 2875 1082 2904 est
1170 2872 1234 2903 488
1257 2873 1446 2912 geminos÷÷
1465 2883 1506 2904 ex
1529 2883 1562 2904 u.
1583 2872 1658 2910 498,
1681 2873 1781 2903 uidet
