1931 3202
620 106 1105 150 ASTRONOMICON
1146 105 1196 147 II
1629 107 1679 146 31

312 219 505 260 diuisum
526 223 579 260 ut
600 219 737 274 signis
759 218 974 259 mundum
995 220 1124 273 putet
1145 231 1236 259 esse
1259 217 1497 272 quaternis,

312 296 391 335 aut
412 293 556 335 tribus
576 307 625 335 ac
647 293 762 334 binis
784 292 921 348 signis
943 306 1100 334 ornare
1120 291 1357 347 trigonum,

189 375 255 409 300
312 369 364 409 ut
385 367 523 409 socias
545 367 662 408 uires
684 370 728 408 et
749 366 911 408 amicos
932 366 1084 422 exigat
1104 368 1228 407 ortus

312 440 577 496 foederaque
598 441 800 482 inueniat
821 440 975 482 mundi
997 442 1186 496 cognata
1206 454 1284 495 per
1304 441 1435 486 astra,

312 514 452 557 falsus
473 515 567 557 erit.
628 529 743 564 nam,
767 515 901 570 quina
922 515 1024 556 licet
1046 514 1136 555 sint
1158 513 1355 568 undique
1377 512 1517 568 signa,

313 589 389 645 qui
409 593 559 631 tamen
581 604 603 630 e
624 589 766 638 trinis,
789 603 900 644 quae
923 589 1079 644 quinto
1102 602 1274 643 quoque
1297 586 1504 629 feruntur

312 666 433 706 astra
453 663 559 713 loeo,
579 662 750 705 fuerint
770 664 877 712 nati,
899 663 1062 704 sentire
1082 662 1247 717 trigoni

137 860 274 892 numeri
290 860 354 893 360
366 870 447 902 pars
462 862 590 902 quarta
606 870 669 902 pro
690 859 856 901 quadrati
872 859 983 891 latere
999 858 1045 891 sit
1062 860 1115 898 90,
1134 862 1304 900 quattuor
1322 857 1422 899 signa
1438 855 1592 888 efficient
1610 854 1682 886 120.

137 921 220 953 ergo
234 911 435 943 numerabis
450 922 470 943 a
486 911 660 953 principio
675 911 780 952 primi
796 911 887 953 signi
903 910 948 942 ad
964 910 1174 952 principium
1191 909 1372 952 postremi,
1391 919 1459 940 non
1477 918 1497 939 a
1512 905 1685 949 principio

138 962 183 994 ad
197 962 304 995 finem
319 974 382 995 nec
398 974 418 995 a
434 962 502 995 fine
518 963 562 994 ad
581 963 793 1005 principium
809 975 817 1001 ;
841 963 902 994 illo
924 963 1018 994 enim
1039 966 1145 1004 pacto
1166 972 1332 993 numerus
1352 961 1446 992 iusto
1468 959 1579 990 maior
1600 957 1681 995 erit,

137 1014 203 1046 hoc
225 1017 344 1046 autem
369 1015 463 1046 iusto
487 1014 627 1047 minor.'
715 1014 778 1045 298
803 1018 845 1046 ut
871 1014 1013 1046 addidit
1039 1013 1203 1056 Scaliger.
1252 1024 1292 1044 ea
1315 1012 1489 1054 opinione,
1516 1013 1558 1042 ut
1579 1012 1685 1051 putet

223 1065 289 1097 299
310 1069 426 1098 tribus
447 1075 489 1098 ac
508 1068 602 1098 binis
611 1067 646 1105 ἅ,
667 1069 740 1098 tria
761 1069 827 1097 sub
849 1068 966 1104 quinis
984 1066 1078 1104 libri,
1101 1065 1276 1097 sententia
1297 1067 1359 1096 aut
1380 1063 1489 1101 nulla,
1513 1066 1684 1094 contentus

137 1118 199 1149 erit
222 1118 292 1149 tria
315 1118 374 1150 sub
397 1117 511 1159 quinis
533 1118 638 1158 siquis
661 1127 786 1149 ornare
810 1117 993 1157 triqonum,
1019 1122 1055 1149 ut
1079 1118 1187 1149 socias
1210 1116 1301 1148 uires
1324 1115 1450 1156 eximit,
1477 1117 1540 1146 aut
1562 1112 1682 1145 absur-

137 1169 293 1208 dissima,
311 1180 504 1201 numerasse
522 1169 710 1210 quadrata,
737 1174 774 1201 uc
794 1174 889 1209 putet
912 1170 983 1200 tria
1005 1168 1064 1200 sab
1089 1168 1203 1209 quinis
1226 1167 1332 1208 siquis
1353 1176 1478 1199 ornare
1499 1165 1680 1206 trigonum.

137 1223 174 1252 et
189 1220 275 1262 quid
292 1224 346 1252 est
362 1221 503 1252 omnino
520 1221 590 1252 tria
609 1221 723 1262 (signa
741 1221 878 1262 opinor)
898 1220 957 1252 sub
974 1220 1088 1261 quini-s
1109 1220 1237 1260 siquis?
1283 1229 1371 1261 quae
1388 1217 1495 1250 uerba
1511 1227 1554 1248 ne
1570 1216 1632 1258 qui
1648 1226 1684 1247 se

137 1271 307 1304 simulant
332 1272 475 1314 quidem
501 1272 730 1314 interpretari
756 1272 874 1313 Fayus
901 1276 938 1303 et
963 1271 1156 1314 Pingraeus
1183 1271 1475 1312 interpretantur.
1523 1278 1587 1310 pro
1615 1266 1686 1299 illis

136 1323 207 1355 tria
223 1323 282 1356 sub
297 1323 412 1365 quinis
426 1324 515 1355 nihil
532 1324 577 1355 ad
593 1334 733 1355 sensum
749 1324 942 1365 requiritur
957 1328 1099 1365 praeter
1114 1322 1273 1364 quinque,
1292 1333 1396 1364 quam
1412 1320 1548 1352 numeri
1564 1322 1685 1351 notam

136 1378 242 1417 poeta
258 1378 299 1407 ut
315 1386 455 1407 uersum
471 1375 629 1416 expleret
646 1375 808 1407 similiter
824 1375 993 1406 dilatauit
1010 1376 1046 1406 in
1062 1376 1126 1407 313
1142 1374 1210 1406 cluo
1229 1378 1305 1406 sunt
1322 1374 1426 1405 ternis
1446 1370 1685 1404 dirimentibus

137 1431 246 1459 astra.
294 1426 419 1468 quinas
439 1437 502 1468 pro
521 1426 618 1458 binas
637 1426 804 1458 exhibent
826 1427 898 1458 Pal.
919 1432 956 1458 et
972 1426 1103 1458 Veron.
1123 1426 1160 1457 in
1177 1426 1281 1467 Verg.
1299 1426 1387 1456 Aen.
1407 1433 1431 1455 v
1449 1425 1502 1462 96,
1522 1422 1602 1455 bina
1620 1432 1684 1464 pro

137 1478 245 1519 quina
266 1489 336 1510 una
357 1478 517 1510 codicum
538 1478 673 1510 familia
695 1477 807 1509 Mart.v
823 1487 837 1509 1
859 1479 895 1509 II
921 1479 935 1509 1
953 1489 961 1516 ;
986 1488 1199 1519 quamquam
1222 1477 1288 1508 hoc
1311 1477 1386 1508 loco
1410 1474 1684 1516 transpositione

136 1530 256 1571 potius
280 1529 481 1561 litterarum
507 1533 661 1561 erratum
690 1530 862 1571 suspicor,
892 1529 1178 1561 t7·i-asub-czti⁷zz's.
1228 1528 1322 1570 quod
1349 1528 1378 1560 si
1405 1527 1483 1569 quis
1509 1525 1684 1567 paribus

136 1581 251 1623 quinis
266 1581 372 1622 siquis
387 1581 501 1620 malit,
520 1580 660 1620 habeat,
680 1591 749 1622 quo
766 1581 802 1612 id
819 1581 1055 1619 commendet,
1074 1581 1138 1613 302
1154 1580 1261 1621 quina
1282 1605 1289 1612 .
1311 1605 1318 1612 .
1340 1605 1347 1612 .
1368 1579 1545 1619 undique
1561 1579 1683 1617 sissna3

137 1643 219 1665 nam
243 1633 350 1664 aliter
373 1643 407 1665 u.
438 1634 502 1665 334
528 1632 661 1664 dicitur
687 1632 789 1664 trinis
811 1632 958 1673 paribus
989 1633 1118 1672 (lineis)
1138 1632 1253 1673 j'czcies
1279 1642 1355 1664 cum
1381 1630 1533 1663 membra
1559 1628 1686 1669 trz'yoni

225 1694 361 1723 ornare,
380 1685 556 1716 instruere
645 1683 709 1714 300
733 1684 860 1716 amicos
876 1684 970 1716 inter
987 1695 1022 1716 se
1039 1689 1132 1715 orcus
1148 1694 1218 1715 non
1233 1684 1411 1724 signorum
1427 1681 1490 1714 sed
1505 1681 1687 1713 hominum

137 1736 188 1768 eis
211 1737 443 1773 nascentium,
468 1740 511 1767 ut
536 1745 565 1767 11
591 1736 654 1768 509
680 1738 716 1767 et
739 1735 824 1767 locis
849 1736 894 1767 ad
920 1736 984 1768 239
1009 1736 1149 1767 adlatis.
1200 1744 1229 1767 11
1254 1736 1318 1767 653
1343 1744 1489 1774 corpora
1512 1736 1686 1764 censentur

139 1813 147 1820 .
169 1813 176 1820 .
197 1812 206 1820 .
226 1787 340 1820 amica
368 1787 523 1828 triqonis,
550 1788 614 1822 675
641 1798 691 1829 sq.
724 1788 806 1819 haec
835 1788 882 1819 acl
906 1787 1080 1819 amicicias
1096 1812 1103 1819 .
1124 1812 1132 1819 .
1155 1812 1162 1820 .
1182 1787 1309 1819 ducunt
1399 1785 1461 1816 303
1485 1794 1503 1816 e
1534 1785 1639 1816 trinis
1649 1784 1682 1821 ἦ,

138 1849 182 1872 ex
208 1841 321 1877 sig-nis
351 1839 444 1878 libri,
475 1839 578 1880 quale
609 1838 777 1880 loquendi
805 1850 925 1880 genus,
956 1850 996 1870 ea·
1027 1838 1143 1879 siquis,
1177 1849 1264 1879 quere
1291 1842 1388 1869 castra
1415 1836 1531 1878 quinto
1558 1845 1686 1877 quoque

137 1891 207 1923 loco
221 1891 401 1931 seruntur,
428 1901 507 1923 cum
531 1891 592 1921 uix
616 1891 733 1922 minus
757 1891 977 1922 inconditum
995 1895 1087 1922 esset
1114 1894 1221 1932 atque
1248 1889 1439 1921 abhorrens
1465 1898 1569 1930 quam
1597 1896 1686 1928 quae

138 1952 152 1975 I
183 1943 248 1975 384
277 1953 329 1984 sq.
360 1941 570 1984 legebantur
601 1953 668 1974 uno
700 1942 736 1974 in
767 1947 874 1981 astro,
909 1942 1004 1974 sidus
1035 1947 1147 1974 nostro
1179 1942 1270 1982 quod
1300 1940 1438 1981 concissi!
1469 1939 1543 1971 orbi
1577 1937 1686 1980 (quod

137 1998 261 2027 contra
287 1994 471 2026 emendate
496 1996 532 2025 et
557 1993 683 2025 Latine
712 1993 880 2025 scribitur
905 2003 945 2025 IV
970 1995 1076 2026 &II-5
1099 1994 1185 2025 luna
1213 1993 1332 2034 quibus
1358 1993 1479 2033 defi-cit
1505 1993 1541 2023 2'72
1568 1989 1683 2028 astris,

139 2072 146 2079 .
167 2071 175 2079 .
197 2071 204 2078 .
225 2046 306 2078 haec
331 2055 462 2087 quoque
485 2044 585 2086 siyna
603 2069 611 2077 .
633 2070 640 2077 .
662 2070 669 2078 .
691 2046 879 2086 lanqueum,
911 2045 1092 2077 Bentleius
1116 2050 1214 2076 astra
1237 2046 1273 2076 in
1293 2050 1395 2086 posca
1422 2043 1587 2081 mutauit,
1616 2052 1686 2083 qua

136 2098 250 2129 forma
279 2100 361 2139 post
391 2097 595 2128 Lucretium
626 2100 663 2128 et
694 2097 802 2129 Silius
835 2097 871 2128 in
903 2097 1001 2139 epieo
1034 2097 1188 2128 carmine
1223 2105 1296 2128 XIII
1330 2097 1394 2128 553
1425 2100 1460 2127 et
1487 2095 1556 2126 nisi
1583 2093 1686 2125 fallor

137 2149 318 2191 Vergilius
348 2159 431 2180 usus
461 2151 515 2180 est
545 2149 633 2180 Aen.
674 2158 729 2180 VII
769 2149 833 2180 598
864 2159 945 2180 nam
976 2148 1063 2180 mihi
1097 2153 1202 2188 parta
1239 2148 1344 2189 quies,
1377 2146 1550 2188 somnique
1587 2145 1682 2184 (Chr.

139 2200 453 2239 Wordsworthius,
468 2199 642 2240 omnisque
654 2200 747 2239 libri)
760 2201 796 2231 in
806 2200 922 2232 limine
931 2205 1048 2241 postus
1060 2200 1295 2240 (libriportus)
1309 2198 1548 2242 {fzmerefelici
1560 2196 1688 2238 spolior

139 2254 266 2294 (neque
289 2252 362 2284 ullo
386 2254 570 2293 praeterea
594 2252 712 2291 bono),
741 2252 911 2283 Manilius
936 2252 972 2283 in
998 2263 1100 2294 opere
1126 2251 1339 2283 didascalico
1363 2255 1404 2282 ut
1428 2260 1555 2281 usurus
1578 2249 1686 2280 fuerit

139 2315 208 2336 non
229 2306 285 2336 est
305 2303 380 2335 ueri
401 2303 538 2335 simile:
563 2307 658 2335 certe
674 2303 788 2335 multo
810 2303 949 2335 facilius
972 2303 1108 2335 librarii
1130 2308 1157 2334 et
1179 2303 1267 2334 riuis
1288 2303 1324 2334 in
1346 2313 1386 2334 ex
1407 2302 1491 2334 sinis
1512 2304 1548 2333 et
1564 2301 1628 2332 hoe
1649 2300 1685 2331 in

138 2355 244 2396 siquis
263 2355 437 2387 mutaturi
458 2357 570 2394 erant,
595 2355 638 2386 de
661 2365 731 2397 quo
754 2355 929 2387 scribendi
953 2355 1042 2386 uitio
1067 2355 1141 2386 dixi
1165 2354 1210 2386 ad
1234 2364 1247 2386 Ι
1271 2355 1344 2387 403.
1395 2353 1526 2395 trigoni
1549 2352 1642 2384 latus
1666 2362 1687 2383 a

137 2408 252 2450 prima
267 2409 370 2449 parte
385 2405 518 2438 Arietis
535 2406 678 2438 initium
694 2407 836 2448 capiens
857 2406 893 2438 in
912 2407 1040 2438 ultima
1056 2406 1182 2438 Cancri
1198 2410 1300 2447 parte
1315 2406 1540 2443 terminatur,
1559 2407 1600 2436 ut
1617 2403 1686 2435 Leo

138 2462 236 2492 totus
251 2459 289 2490 in
305 2458 416 2490 altero
432 2458 480 2489 sit
496 2458 620 2497 latere,
640 2459 724 2490 item
742 2461 840 2490 totus
862 2459 898 2489 in
920 2459 1028 2490 tertio
1050 2458 1287 2500 Sagittarius;
1311 2468 1379 2499 quo
1396 2460 1500 2498 pacto
1518 2456 1602 2487 haec
1617 2456 1686 2487 tria

137 2511 238 2552 signa
252 2511 376 2541 mutuo
394 2509 524 2551 trigoni
546 2509 674 2541 affectu
696 2520 767 2541 non
786 2511 1057 2551 coniunguntur.
1107 2509 1169 2541 sed
1190 2509 1359 2541 Manilius
1376 2519 1453 2540 culn
1471 2508 1628 2539 homines
1644 2517 1687 2538 ex

138 2563 189 2594 eis
209 2565 312 2594 natos
328 2560 457 2602 trigoni
476 2561 568 2592 uires
585 2561 717 2592 sentire
734 2572 833 2602 posse
850 2566 966 2603 negat,
986 2561 1134 2592 nimium
1151 2561 1239 2593 dicit
1253 2573 1261 2599 ;
1285 2560 1373 2592 illud
1391 2560 1506 2591 dicere
1521 2558 1685 2597 debebat,

138 2613 242 2645 facile
262 2612 339 2644 fieri
358 2622 460 2653 posse
482 2615 523 2644 ut
544 2623 615 2644 non
636 2613 819 2644 sentirent.
870 2623 982 2654 neque
999 2613 1091 2644 enim
1107 2623 1243 2654 semper
1265 2616 1327 2644 aut
1349 2612 1543 2643 necessario
1559 2610 1651 2642 linea
1667 2621 1687 2642 a

138 2665 230 2706 signi
245 2664 418 2706 principio
436 2663 602 2703 ducitur3
625 2675 715 2705 quae
732 2665 761 2696 si
777 2675 797 2695 a
813 2664 928 2696 medio
945 2665 1071 2706 incipit
1084 2665 1217 2703 Ariete,
1233 2665 1268 2695 in
1286 2663 1401 2695 medio
1415 2663 1529 2694 Leone
1543 2662 1684 2700 desinit,

139 2720 181 2748 ut
196 2716 275 2748 illas
291 2719 385 2748 certe
401 2716 554 2748 siderum
572 2720 692 2757 partes
709 2716 828 2747 societ.
877 2716 1089 2757 prudentius
1103 2715 1320 2757 Porphyrius
1336 2715 1372 2746 in
1388 2716 1530 2756 isagoga
1547 2716 1682 2753 (comm.

138 2767 231 2800 Ptol.
257 2771 339 2800 tetr.
359 2778 392 2809 p.
416 2769 491 2807 187)
514 2769 712 2799 πολλάκισ·
732 2769 797 2807 ’γὰρ
819 2769 899 2798 κατὰ
923 2767 986 2806 (sie
1007 2767 1231 2799 scribendum
1252 2778 1316 2809 pro
1337 2768 1392 2806 τὰ)
1408 2768 1466 2804 μὲν
1487 2766 1585 2806 ζῴδιά
1607 2767 1686 2797 εἰσιν

139 2818 415 2859 ἐσχηματισμένοι
433 2821 475 2859 (οἱ
492 2821 654 2859 ἀστέρεσ),
675 2821 756 2851 κατὰ
774 2820 808 2850 δὲ
823 2821 938 2858 μοίρασ
955 2820 1057 2850 οὐκέτι
1147 2818 1190 2850 de
1197 2817 1365 2857 serualur
1381 2818 1462 2850 uide
1479 2818 1523 2850 ad
1542 2819 1603 2849 188

183 2870 248 2902 304
270 2873 404 2903 fuerint
421 2875 446 2903 G
462 2875 498 2903 et
515 2882 605 2902 man.
629 2872 644 2902 1
664 2881 751 2903 corr.
773 2881 814 2902 ex
831 2874 932 2902 fuera
948 2874 982 2910 L,
1002 2873 1148 2903 fuerunt
1163 2874 1197 2902 Μ
1284 2873 1363 2902 nati
1378 2873 1414 2909 G,
1433 2872 1531 2902 natis
1547 2873 1605 2902 ΒΜ
