1931 3202
260 136 319 176 96
859 131 920 174 M.
953 131 1204 174 MANILII

490 258 617 285 omne
639 243 814 298 quidem
836 242 1012 298 signum
1035 242 1118 284 sub
1138 242 1446 298 qualicumque
1467 243 1611 299 figura

432 317 633 374 partibus
655 317 850 358 inficitur
872 316 1024 357 mundi
1043 329 1052 366 ;
1083 316 1202 357 locus
1223 316 1411 372 imperat
1436 318 1567 359 astris

433 395 477 434 et
497 392 622 433 dotes
644 404 893 445 noxamque
915 389 1046 440 facit3
1077 393 1316 432 uertuntur
1336 391 1381 431 in
1404 391 1552 433 orbem

432 465 608 521 singula
628 468 673 506 et
693 464 915 520 accipiunt
936 464 1053 505 uires
1073 464 1279 520 caeloque
1300 465 1546 507 remittunt.

309 549 373 582 860
431 540 571 581 uincit
593 539 709 580 enim
730 542 891 580 natura
912 552 1051 593 genus
1072 538 1275 594 legesque
1297 539 1522 581 ministrat

259 679 397 721 proprie
421 683 518 710 astra
541 679 583 717 (11
605 678 693 716 882).
743 680 828 709 sunt
850 680 969 709 autem
989 676 1112 708 circuli
1134 678 1391 718 δωδεκατημόρια
1413 677 1563 709 tricenas
1585 678 1701 718 μοίρασ
1724 687 1803 710 0011-

259 730 421 768 tinentia,
440 740 587 772 quorum
603 734 774 771 quattuor
792 739 845 768 ea,
864 739 952 770 quae
971 728 1181 770 principalia
1201 728 1277 760 loca
1298 733 1480 767 uocantur,
1500 728 1660 761 cardines
1681 729 1803 761 mundi

260 782 294 813 in
321 792 357 813 se
382 782 515 823 positos
540 780 682 819 habent,
712 780 772 812 sed
800 790 952 822 quanam
980 781 1016 811 in
1043 782 1144 821 parte
1171 780 1225 811 sui
1250 781 1394 821 positos,
1424 780 1460 812 id
1487 790 1571 812 uero
1598 780 1799 822 ambigitur.

259 832 471 864 Heliodorus
495 833 531 864 in
554 831 733 864 C.C.A.G.
762 841 802 863 IV
824 842 858 873 p.
886 832 929 863 82
953 834 1025 871 περὶ
1050 833 1084 863 δὲ
1109 832 1165 862 τοῦ
1187 833 1341 871 μερισμοῦ
1365 834 1418 863 καὶ
1441 833 1503 870 τῆσ
1525 833 1714 872 διακρίσεωσ
1740 834 1803 864 τῶν

257 886 408 916 τοιοῦτων
432 884 477 925 ιβ’
501 885 609 915 τόπων
633 884 742 922 πολλή
764 895 817 915 τισ
841 885 969 923 ἐγένετο
991 884 1133 921 διάλεξισ
1156 884 1206 914 καὶ
1228 884 1409 923 ἀμφιβολία
1430 885 1492 914 τῶν
1517 882 1736 924 ἀστρολόγων·
1775 885 1804 915 οἱ

258 937 315 973 μὲν
331 937 395 976 ’γὰρ
410 937 446 967 τὸ
463 935 574 975 ζῴδιον
591 936 670 967 αὐτὸ
686 937 721 966 οὗ
737 936 756 973 ὴ
772 936 865 975 μοῖρα
883 935 1058 974 εὑρίσκεται
1080 935 1306 974 ὠροσκοποῦσα
1323 936 1342 973 ἢ
1357 937 1596 975 μεσουρανοῦσα
1612 936 1712 966 τόπον
1728 936 1803 966 ὅλον

259 985 493 1026 ἀποφαίνονται
507 1011 513 1018 .
532 1011 539 1018 .
558 1011 564 1018 .
579 988 680 1027 ἕτεροι
695 987 727 1018 δὲ
739 988 840 1028 (quos
851 986 1046 1028 Aegyptios
1059 996 1132 1017 esse
1143 985 1256 1017 tradit
1266 996 1387 1017 comm.
1404 986 1494 1017 Ptol.
1508 989 1590 1018 tetr.
1605 996 1638 1028 p.
1655 987 1716 1019 109
1726 986 1804 1026 fin.)

259 1040 451 1078 ἑκατέρωθεν
470 1040 533 1076 τῆσ
553 1039 802 1079 ὡροσκοποὺσησ
820 1040 936 1078 μοίρασ
952 1037 988 1068 ιε’
1008 1038 1234 1077 λαμβάνοντεσ
1253 1039 1304 1068 καὶ
1325 1039 1387 1076 τῆσ
1406 1040 1666 1078 μεσουρανούσησ
1685 1038 1804 1076 ὀμοίωσ

258 1092 336 1121 τοὺσ
351 1092 471 1122 τόπουσ
488 1091 722 1131 περιγράφουσι
737 1114 744 1121 .
762 1115 768 1121 .
787 1114 794 1121 .
811 1091 874 1120 τῶν
888 1091 1035 1120 παλαιῶν
1049 1090 1082 1119 δέ
1095 1100 1159 1127 τισ,
1175 1113 1182 1120 .
1200 1113 1207 1120 .
1225 1113 1232 1120 .
1250 1090 1396 1129 ἀφορμὴν
1413 1091 1523 1129 λαβὼν
1539 1091 1576 1120 τὸ
1588 1088 1633 1129 τῷ
1651 1091 1804 1130 θειοτάτῳ

260 1143 452 1181 Πτολεμαίῳ
472 1145 504 1173 ἐν
525 1141 573 1181 τῴ
589 1143 660 1181 περὶ
676 1143 798 1181 χρόνων
813 1142 900 1179 ζωῆσ
915 1141 1009 1181 ῥηθὲν
1031 1142 1077 1171 ὅτι
1097 1141 1151 1171 τὸν
1172 1140 1417 1180 ὡροσκοποῦντα
1434 1141 1533 1172 τόπον
1555 1139 1620 1172 ἀπὸ
1640 1140 1667 1172 ε’
1687 1142 1804 1181 μοιρῶν

258 1194 321 1223 τῶν
349 1194 654 1234 προαναφερομένων
682 1194 745 1231 τῆσ
771 1193 1019 1233 ὡροσκοπούσησ
1046 1194 1161 1231 μοίρασ
1189 1193 1237 1222 δεῖ
1261 1193 1450 1232 λαμβάνειν,
1480 1193 1614 1230 μέθοδον
1645 1193 1800 1231 ἐκτίθησι.

261 1244 453 1276 Ptolemaei
476 1244 584 1276 uerba
607 1244 692 1276 haee
715 1248 810 1283 sunt,
833 1248 915 1276 tetr.
941 1254 974 1285 p.
1001 1244 1054 1282 33,
1078 1244 1115 1274 τὸ
1139 1245 1211 1283 περὶ
1233 1245 1288 1274 τὸν
1314 1244 1493 1282 ὼροσκόπον
1518 1245 1800 1284 δωδεκατημόριον,

260 1294 325 1326 οἷπὸ
355 1297 450 1327 πέντε
481 1297 596 1337 μοιρῶν
627 1297 690 1326 τῶν
722 1296 1029 1336 προαναφερομένων
1060 1297 1157 1326 αὐτοῦ
1188 1296 1349 1335 ὀρίζοντοσ
1379 1296 1474 1335 μέχρι
1504 1296 1568 1326 τῶν
1598 1297 1720 1327 λοιπῶν
1751 1297 1804 1327 καὶ

259 1348 546 1388 ἐπαναφερομένων
563 1349 662 1379 εἴκοσι
678 1349 785 1385 πέντε,
805 1346 850 1379 ad
866 1357 969 1388 quem
985 1346 1098 1378 locum
1124 1346 1342 1388 Porphyrius
1363 1347 1447 1388 isag.
1467 1357 1500 1388 p.
1520 1346 1585 1378 202
1605 1346 1663 1378 fin.
1683 1349 1804 1378 τούτων

261 1400 294 1429 δὲ
318 1401 457 1430 ἕκαστοσ
479 1401 543 1430 τῶν
567 1398 614 1439 ιβ’
634 1400 740 1430 τόπων
764 1400 926 1438 λαγχάνει
949 1400 1012 1430 τὰσ
1036 1399 1323 1438 προανηνεγμένασ
1345 1399 1461 1438 μοίρασ
1479 1396 1506 1429 ε’
1525 1400 1576 1429 καὶ
1598 1399 1663 1429 τὰσ
1685 1401 1803 1430 ἐπανα-

260 1451 440 1490 φερομένασ
457 1450 512 1482 κε’.
562 1453 689 1492 quarta
705 1450 823 1492 opinio
839 1450 884 1481 ab
901 1450 955 1481 his
970 1449 1132 1481 omnibus
1148 1448 1289 1481 diuersa
1305 1449 1449 1481 Firmici
1465 1452 1530 1488 est,
1548 1449 1607 1491 qui
1625 1449 1804 1481 cardinem

260 1502 296 1532 111
318 1502 432 1543 prima
454 1501 522 1533 loci
545 1502 772 1533 extremitate
795 1501 908 1543 ponit,
927 1510 957 1532 11
983 1501 1022 1533 19
1041 1501 1062 1532 2
1080 1500 1218 1541 primu-3
1234 1525 1241 1532 .
1263 1525 1270 1532 .
1291 1525 1298 1532 .
1320 1501 1412 1532 locus
1433 1500 1475 1532 ab
1491 1511 1531 1532 ea
1547 1505 1663 1542 parte,
1681 1500 1719 1532 in
1734 1511 1805 1542 qua

250 1552 364 1593 suerit
389 1553 600 1593 horoscopus,
620 1553 712 1584 uires
736 1563 817 1585 suas
837 1564 900 1594 per
922 1553 1079 1584 residuas
1099 1556 1218 1593 partes·
1241 1560 1320 1585 XXX
1345 1552 1518 1584 extendit.
1539 1577 1547 1584 .
1568 1577 1575 1584 .
1595 1553 1616 1584 3
1638 1553 1804 1584 secundus

260 1605 351 1636 locus
367 1630 374 1636 .
395 1629 402 1636 .
424 1629 431 1636 .
452 1605 575 1645 accipit
598 1604 736 1636 initium
751 1615 774 1636 a
791 1610 874 1634 XXX
892 1603 1068 1644 horoscopi
1087 1608 1187 1643 parte
1209 1608 1237 1635 et
1259 1603 1350 1635 uires
1371 1614 1451 1635 suas
1467 1614 1532 1644 per
1549 1610 1629 1635 XXX
1646 1603 1804 1636 residua-³

256 1661 376 1696 partes
391 1656 548 1687 eoetendit.
597 1655 658 1687 sed
678 1656 732 1687 his
748 1655 1001 1697 principalibus
1017 1654 1103 1686 locis
1119 1665 1208 1696 quae
1223 1655 1342 1696 priora
1358 1658 1441 1686 sunt
1457 1659 1493 1686 et
1509 1666 1530 1686 a
1546 1655 1671 1687 dextro
1686 1655 1803 1697 posita

261 1709 315 1745 (ea
338 1707 472 1740 scilicet
493 1707 628 1739 ratione
649 1718 718 1749 qua
734 1707 836 1739 Aries
852 1707 968 1738 Tauro
984 1707 1079 1748 prior
1100 1707 1201 1748 eique.
1222 1706 1348 1738 dexter
1369 1705 1515 1745 dicitur)
1537 1705 1744 1745 ἅποκλίματα
1767 1710 1804 1738 et

260 1758 438 1790 interdum
465 1761 643 1799 καταφοραί
670 1758 785 1800 (uelut
812 1758 917 1790 Firm.
946 1767 991 1789 111
1018 1759 1038 1789 5
1065 1759 1099 1796 5)
1124 1761 1160 1789 et
1186 1759 1406 1798 προαναφοραί
1433 1758 1546 1796 (uelut
1570 1757 1668 1790 Paul.
1695 1758 1798 1790 Alex.

259 1809 301 1848 O,
338 1809 515 1842 C.C.A.G.
554 1819 625 1842 VIII
663 1810 689 1842 ii
725 1821 758 1852 p.
802 1811 842 1844 67
880 1810 914 1848 3)
952 1809 1189 1851 appellantur,
1233 1809 1428 1850 posteriora
1466 1820 1550 1841 uero
1587 1813 1623 1841 et
1660 1809 1804 1842 sinistra

261 1863 462 1902 ἐπαναφοραί
485 1866 522 1893 et
544 1872 613 1893 non
637 1872 828 1903 numquam
852 1860 1010 1902 ἅναφοραί
1036 1861 1149 1900 (uelut
1173 1860 1269 1892 Sext.
1289 1871 1379 1902 emp.
1399 1862 1483 1901 πρὸσ
1506 1859 1599 1901 οἶστρ.
1619 1861 1674 1900 20,
1698 1860 1798 1893 Vett.

261 1913 340 1944 Val.
374 1924 406 1955 p.
441 1913 506 1945 232
536 1914 589 1952 27,
618 1913 724 1945 Firm.
756 1922 801 1944 111
832 1914 852 1945 5
882 1914 927 1952 3).
976 1915 1207 1944 numerantur
1238 1916 1356 1943 autem
1387 1911 1462 1944 loca
1493 1912 1587 1954 apud
1617 1912 1803 1954 plerosque

259 1965 498 1996 sinistrorsum
524 1964 568 1996 ab
593 1964 797 2006 horoscopo,
823 1969 864 1996 ut
887 1964 947 2006 qui
972 1964 1086 2006 ipsum
1110 1963 1340 2004 horoscopum
1365 1964 1525 1995 continet
1548 1964 1683 2006 primus
1706 1963 1803 1996 locus

261 2019 416 2055 uocetur,
436 2016 609 2048 secundus
625 2017 815 2057 ἐπαναφορά
831 2016 916 2055 eius,
935 2014 1097 2053 ἀπόκλιμα
1113 2014 1342 2047 duodecimus
1429 2014 1492 2046 856
1506 2015 1640 2056 ,Χῖ-σανα,
1659 2017 1803 2055 σχήματι

260 2069 430 2107 Ὑενέσεωσ,
451 2068 519 2099 nisi
534 2067 650 2106 fallor,
669 2070 710 2099 ut
726 2076 771 2099 111
790 2068 851 2100 169
867 2067 1015 2108 nefatsa
1033 2066 1141 2098 uariet
1158 2066 1317 2107 (lenitura
1331 2067 1461 2106 fiqura,
1479 2077 1548 2108 quo
1565 2077 1668 2098 sensu
1679 2069 1803 2107 forma

260 2120 404 2160 ponitur
429 2128 442 2150 1
469 2120 522 2158 60,
552 2128 597 2151 111
625 2120 696 2153 178.
746 2119 795 2151 ita
823 2119 996 2150 Firmicus
1023 2127 1052 2149 11
1075 2119 1095 2149 8
1119 2119 1140 2149 2
1156 2117 1297 2158 fiyurae
1319 2118 1496 2149 stellarum
1521 2117 1625 2157 (idem
1655 2127 1695 2150 IV
1721 2119 1742 2151 5
1766 2118 1803 2150 in

261 2170 498 2212 qualicumque
521 2171 710 2210 schemate),
730 2181 823 2212 corp.
844 2170 946 2212 gloss.
968 2170 1045 2202 Lat.
1065 2179 1089 2200 v
1110 2170 1173 2202 395
1192 2170 1234 2201 49
1258 2169 1381 2207 thema,
1403 2169 1521 2208 fislura
1609 2169 1671 2201 857
1696 2169 1801 2201 inter-

260 2223 388 2263 punxit
404 2222 704 2264 Regiomontanus
788 2221 948 2262 partibus
964 2221 1191 2259 duodecimis,
1204 2223 1318 2253 τόποισ
1406 2220 1574 2262 inficitur:
1593 2220 1700 2253 Firm.
1714 2230 1744 2253 11
1759 2221 1804 2254 20

259 2275 280 2305 5
295 2274 326 2305 si
343 2299 349 2305 .
370 2298 377 2305 .
399 2298 406 2305 .
427 2273 611 2305 maliuolae
627 2274 740 2305 stellae
756 2274 809 2305 uel
832 2273 957 2305 ibidem
975 2272 1173 2305 constitutae
1190 2273 1242 2304 uel
1260 2273 1301 2304 cle
1318 2272 1491 2313 quadrato
1507 2273 1561 2304 uel
1576 2273 1617 2304 de
1633 2272 1802 2305 diametro

261 2325 342 2357 haec
358 2325 475 2357 eadem
491 2325 710 2366 infecerint
731 2325 816 2364 loca,
832 2334 872 2356 IV
890 2325 929 2357 19
942 2325 983 2359 37
1001 2324 1176 2364 (dominus
1192 2324 1388 2366 geniturae)
1405 2323 1479 2355 licet
1494 2324 1537 2355 sit
1553 2324 1601 2356 ad
1616 2324 1803 2356 nocendum

256 2381 418 2418 paratus,
436 2387 476 2408 ex
492 2377 658 2408 bonarum
673 2377 848 2408 stellarum
866 2375 1053 2408 testimonio
1068 2375 1185 2414 qratia
1201 2375 1351 2416 quodam
1366 2375 1465 2407 modo
1485 2375 1690 2416 inficitur,
1704 2384 1745 2407 VI
1761 2376 1804 2408 32

261 2430 308 2469 (p.
337 2428 397 2459 184
423 2427 513 2459 med.
539 2428 575 2459 in
599 2427 652 2460 ed.
682 2427 832 2460 Pruckn.
858 2429 954 2467 1551)
976 2427 1091 2468 patris
1117 2426 1275 2458 dominus
1291 2451 1299 2458 .
1321 2451 1328 2459 .
1349 2451 1356 2458 .
1377 2437 1418 2458 ex
1448 2437 1511 2458 sua
1537 2431 1667 2458 natura
1692 2427 1803 2459 locum

262 2479 422 2519 1'nsicit3
459 2490 571 2521 neque
602 2479 773 2511 dissimile
804 2482 858 2511 est
888 2479 984 2511 Man.
1017 2487 1045 2510 11
1073 2479 1134 2512 357
1163 2489 1246 2510 aera
1278 2478 1439 2518 infectum
1526 2477 1590 2508 859
1617 2481 1713 2510 caelo
1739 2481 1800 2516 GL,

261 2533 366 2562 cardo
389 2533 432 2562 Μ.
482 2541 593 2562 nouas
616 2531 709 2562 uires
725 2541 745 2561 a
760 2530 855 2562 caelo
871 2530 1051 2572 accipiunt
1069 2530 1170 2571 eique
1189 2529 1320 2561 cedunt
1336 2540 1376 2561 ac
1399 2529 1590 2561 remittunt
1611 2539 1714 2562 suas:
1739 2531 1803 2562 960

260 2582 418 2622 ducitque
442 2586 470 2613 et
494 2582 684 2614 commodat
708 2582 776 2614 illis
796 2582 800 2624 Ι
822 2582 899 2623 ipsa
922 2593 1004 2613 suas·
1025 2582 1121 2621 loyes,
1140 2580 1240 2613 ducit
1262 2580 1306 2612 ab
1326 2580 1397 2613 illis
1419 2580 1512 2622 leges
1531 2591 1651 2612 eorum
1739 2580 1804 2612 860

261 2633 365 2664 uincit
392 2637 521 2664 natura
547 2644 649 2674 glenus
675 2633 791 2675 Fayus
815 2637 853 2665 et
876 2633 1067 2675 Pingraeus
1098 2633 1380 2674 interpretantur
1416 2635 1566 2664 ‘natura
1592 2632 1660 2664 loci
1690 2632 1804 2664 uincit

260 2689 423 2716 naturam
440 2684 640 2723 astrorum‚’
657 2689 698 2717 ut
713 2685 848 2717 nescias
864 2688 984 2716 utrum
1001 2684 1257 2726 neglegentiam
1274 2684 1384 2725 magis
1399 2683 1596 2722 admireris,
1614 2694 1684 2725 qua
1698 2688 1804 2725 poeta

261 2736 348 2767 duas
365 2746 431 2774 res,
449 2735 563 2767 locum
579 2739 616 2768 et
632 2739 740 2775 astra,
758 2746 845 2778 quas
869 2736 961 2768 inter
983 2746 1020 2768 se
1038 2735 1168 2777 opponi
1191 2735 1312 2773 uellet,
1331 2734 1428 2767 nullo
1451 2734 1558 2766 uerbo
1582 2734 1801 2777 significarit,

261 2798 305 2819 an
321 2797 399 2818 cum
416 2787 481 2819 hac
497 2787 719 2829 neglegentia
735 2787 957 2820 coniunctam
973 2787 1130 2829 ineptam
1146 2787 1182 2818 in
1199 2797 1269 2818 una
1284 2786 1475 2827 eademque
1491 2787 1635 2818 not-ione
1654 2786 1803 2818 diuersis

261 2838 441 2870 uocabulis
465 2838 640 2880 impositis
667 2838 869 2870 exornanda
900 2838 1130 2880 diligentiam.
1179 2837 1272 2870 idem
1302 2838 1395 2869 enim
1425 2837 1543 2870 ualere
1572 2843 1737 2870 naturam
1767 2841 1804 2869 et

260 2900 375 2931 yenus,
404 2900 516 2931 neque
541 2889 630 2921 illud
657 2890 772 2922 minus
796 2900 902 2932 quam
927 2889 992 2922 hoc
1014 2893 1190 2922 astrorum
1216 2900 1302 2928 esse,
1331 2888 1524 2921 ostendunt
1551 2898 1579 2920 11
1607 2889 1671 2922 416
1697 2888 1803 2921 uincit
