1931 3202
608 115 1092 160 ASTRONOMICON
1132 116 1182 158 II
1588 121 1667 159 105

177 241 242 273 905
300 231 377 273 secl
398 230 590 272 medium
610 232 710 286 post
731 233 852 272 astra
872 230 988 272 diem
1010 232 1280 285 curuataque
1300 230 1491 286 primum

300 305 493 348 culmina
513 305 716 346 nutantis
737 319 909 346 summo
930 305 983 346 de
1004 304 1169 346 uertice
1191 304 1344 345 mundi

300 379 455 421 aethra
477 378 677 421 Phoebus
697 379 802 429 alim
832 378 914 420 sub
936 393 1022 434 quo
1044 392 1155 434 quae
1176 393 1357 434 corpora
1377 382 1528 419 nostra

300 453 553 509 concipiunt
572 453 686 495 uitia
706 456 751 495 et
772 452 1011 502 fortunam,
1033 467 1089 494 ex
1109 452 1280 494 uiribus
1301 452 1395 494 eius

124 613 211 653 θεόσ,
230 613 326 647 Sext.
340 625 430 656 emp.
447 615 486 647 15
502 614 537 646 τὸ
556 616 590 646 δὲ
606 617 749 655 προάγον
767 617 822 646 τοῦ
833 616 1108 655 μεσουρανοῦντοσ·
1124 639 1132 646 .
1153 638 1161 646 .
1183 638 1190 646 .
1212 613 1285 646 θεόν
1299 615 1414 653 (φασιν
1427 615 1531 653 εἶναι),
1555 614 1594 646 19
1610 615 1667 645 τοῦ

125 667 411 707 μεσουρανήματοα·
436 665 474 697 τό
499 665 663 704 ἀπόκλιμα
689 666 776 705 θεόσ,
799 666 897 698 Vett.
914 665 996 698 Val.
1010 677 1042 707 p.
1059 666 1101 698 63
1127 667 1166 697 15
1189 676 1240 707 sq.
1261 667 1331 697 θεοῦ
1351 665 1465 696 Ἠλίου
1489 665 1606 704 τόποσ,
1630 667 1667 696 τὸ

126 718 422 758 προμεσουράνημα,
450 717 478 749 θ’
502 717 566 749 ἀπὸ
590 718 782 757 ὡροσκόποιι,
808 717 914 749 Firm.
934 726 964 748 11
990 718 1029 750 16
1052 717 1073 748 2
1094 717 1189 748 Deus
1209 727 1289 749 uero
1306 741 1313 748 .
1336 741 1342 748 .
1364 741 1371 749 .
1391 717 1520 749 dicitur
1536 742 1543 748 .
1565 741 1572 749 .
1594 742 1601 749 .
1622 722 1670 748 IX

125 768 168 800 ab
187 768 368 809 horoscopo
385 769 545 808 sianum:
568 768 621 801 hie
641 769 733 801 locus
754 780 776 800 a
797 768 936 800 Graecis
959 767 1063 800 Theos
1077 768 1216 807 dicitur,
1240 769 1278 800 19
1302 769 1342 800 10
1362 778 1469 800 nonus
1492 768 1580 800 locus
1597 793 1604 800 .
1627 793 1633 800 .
1656 793 1662 800 .

124 824 172 852 est
189 844 196 851 .
217 845 225 852 .
247 845 254 852 .
275 820 330 852 dei
352 820 441 853 Solis
463 820 563 852 locu-s.
612 820 649 852 in
676 821 736 852 hoc
758 820 828 852 loco
852 820 1026 852 hominum
1049 824 1154 851 sectas
1176 819 1393 857 imtenimus‚·
1422 824 1468 851 est
1491 824 1605 851 autem
1626 820 1665 851 de

123 871 342 911 reliqionibas
354 877 385 903 et
396 871 729 913 peregrinationibus
816 871 879 902 905
895 871 1052 903 ordinem
1068 871 1254 903 uerborum
1271 871 1366 912 cepit
1382 870 1664 909 Boniucontrius,

124 927 223 954 astra
241 928 316 963 post
336 923 486 955 medium
507 923 598 955 diem
618 928 829 964 curuataque
847 923 1001 963 primum
1020 923 1170 954 culmina
1189 922 1312 954 mundi
1332 933 1461 954 summo
1482 923 1523 954 de
1543 923 1667 954 uertice

123 974 298 1006 nutanti-3:
323 974 375 1006 ita
395 974 585 1007 collocatae
606 975 876 1017 praepositionis
900 974 1060 1016 exempla
1081 974 1206 1015 collegi
1229 974 1274 1005 ad
1295 983 1308 1005 1
1327 975 1402 1012 245,
1421 973 1521 1005 uelut
1538 983 1584 1005 111
1600 974 1661 1006 521

122 1025 302 1058 numerari
324 1026 423 1066 siqua
447 1037 511 1067 per
532 1026 646 1058 horas.
691 1031 788 1058 astra
813 1026 941 1067 plurali
968 1036 1112 1057 numero
1138 1030 1180 1057 ut
1207 1034 1220 1057 1
1247 1025 1311 1058 626
1335 1029 1371 1057 et
1393 1025 1472 1057 aliis
1495 1025 1580 1057 locis
1603 1036 1667 1067 pro

123 1077 233 1119 signo,
258 1077 307 1109 sic
331 1077 395 1109 hoc
418 1088 522 1109 uersu
546 1078 692 1119 ponitur
716 1088 779 1120 pro
804 1080 904 1119 parte
929 1077 1052 1109 mundi
1078 1088 1156 1109 cum
1181 1076 1355 1108 sideribus
1378 1076 1594 1118 quibuslibet
1617 1076 1666 1108 ibi

124 1128 216 1160 sorte
246 1129 471 1167 constitutis;
510 1139 579 1171 quo
610 1129 750 1160 nomine
781 1139 842 1160 cur
873 1128 926 1160 uti
956 1129 1120 1160 maluerit
1153 1139 1258 1170 quam
1294 1127 1412 1160 sedem
1447 1129 1663 1170 templumue

124 1180 312 1222 appellare,
340 1180 386 1212 ad
410 1191 444 1212 u.
467 1181 530 1215 907
555 1180 700 1222 planum
724 1180 795 1212 fiet.
845 1180 1014 1221 Scaligeri
1038 1180 1241 1212 coniectura
1267 1184 1382 1211 castra
1408 1179 1551 1211 minime
1577 1190 1665 1221 opus

124 1235 189 1270 est,
215 1232 377 1273 quamuis
401 1242 477 1264 eam
503 1231 598 1263 haud
614 1232 803 1264 absurdam
828 1242 902 1263 esse
926 1231 1168 1263 demonstrent
1193 1232 1325 1263 Auson.
1349 1232 1413 1264 369
1437 1231 1522 1263 26-8
1551 1231 1660 1272 (Peip.

123 1294 157 1325 p.
172 1284 227 1322 96)
244 1283 303 1315 ubi
317 1283 502 1324 siyniferae
518 1283 632 1315 media
650 1284 687 1315 in
702 1285 836 1324 reqione
855 1282 1000 1315 cohortis
1018 1282 1023 1325 Ι
1044 1282 1204 1324 septimus
1220 1282 1347 1323 accepit
1368 1282 1464 1314 limes
1481 1282 1666 1314 rutilantia

116 1334 274 1376 flammis
295 1334 300 1376 Ι
319 1340 407 1367 recto
425 1340 564 1367 castra
586 1335 665 1373 situ,
685 1334 721 1366 id
737 1338 790 1367 est
807 1335 889 1366 solis
906 1335 1105 1366 stationem.
1153 1334 1247 1376 quod
1263 1336 1344 1375 post
1360 1333 1512 1365 medium
1530 1334 1664 1366 caelum

123 1386 208 1418 haec
230 1397 323 1418 nona
345 1385 444 1418 sedes
467 1386 536 1418 sita
557 1397 631 1418 esse
652 1387 795 1424 dicitur,
822 1386 865 1418 de
888 1397 927 1418 ea
948 1397 985 1418 re
1007 1385 1080 1417 dixi
1100 1385 1145 1418 ad
1168 1396 1201 1417 u.
1219 1386 1306 1418 883:
1330 1386 1506 1417 contraria
1529 1386 1664 1417 ratione

124 1437 222 1470 Paul.
249 1437 350 1470 Alex.
378 1437 418 1469 M
442 1437 544 1470 4—N
571 1439 638 1469 ἔστι
665 1439 699 1469 δὲ
716 1463 723 1470 .
745 1462 752 1470 .
776 1462 783 1470 .
804 1439 1101 1478 προμεσουράνημα,
1128 1439 1156 1468 εἰ
1182 1438 1248 1469 ἀπὸ
1275 1439 1397 1468 δύσεωσ
1424 1438 1477 1468 ἐπὶ
1503 1438 1665 1475 ἀνατολὴν

123 1490 225 1528 βαίνει
247 1501 311 1521 τισ.
361 1493 514 1521 ceterum
539 1489 691 1521 culmina
714 1488 808 1520 hand
831 1490 946 1520 minus
969 1499 1074 1530 quam
1096 1488 1187 1520 diem
1209 1499 1229 1520 a
1252 1488 1510 1530 praepositione
1533 1499 1573 1520 ac
1596 1499 1663 1520 non

123 1551 144 1572 a
171 1539 279 1572 uerbo
305 1551 512 1582 suspensum
538 1544 614 1579 est;
648 1551 730 1572 nam
757 1543 905 1572 curuata
931 1540 1105 1581 primum
1132 1539 1284 1571 culmina
1311 1539 1434 1571 mundi
1460 1539 1504 1571 de
1531 1550 1665 1572 summo

124 1592 268 1631 uertice,
294 1591 360 1624 hoc
384 1595 439 1624 est
463 1591 507 1624 de
532 1592 684 1630 cardine,
713 1592 874 1624 nutantis
900 1593 935 1623 in
962 1591 1096 1623 decimo
1123 1591 1254 1633 templo
1276 1591 1393 1633 posita
1415 1594 1510 1629 sunt,
1537 1592 1573 1623 in
1596 1602 1664 1633 quo

124 1643 215 1683 (918)
237 1643 455 1684 principium
484 1643 634 1675 decliuia
660 1648 796 1675 sumunt
884 1643 947 1675 907
974 1646 1101 1675 aethra
1115 1643 1149 1681 ἦ,
1181 1645 1329 1674 aethera
1358 1641 1452 1680 libri,
1482 1642 1543 1684 qui
1569 1653 1665 1674 error

123 1695 160 1726 in
186 1695 364 1727 codicibus
392 1694 600 1736 quibusdam
626 1695 730 1736 Verg.
755 1696 842 1726 Aen.
866 1703 911 1726 111
939 1696 1003 1727 585
1030 1698 1066 1726 et
1094 1694 1184 1726 Stat.
1207 1693 1315 1726 Theb.
1338 1702 1363 1724 v
1389 1695 1453 1726 583
1484 1694 1665 1726 inuenitur

123 1748 160 1778 et
180 1746 310 1788 passim
331 1746 368 1778 in
387 1746 566 1789 glossariis
654 1750 722 1778 alit
736 1747 770 1786 ἥ,
794 1749 859 1778 aut
880 1749 964 1778 GLM
989 1747 1053 1785 (ita.
1075 1745 1171 1778 auth.
1187 1745 1265 1777 Lat.
1280 1745 1450 1780 Ries.217
1469 1745 1512 1776 22
1527 1745 1664 1778 codices

123 1798 252 1839 partim
276 1798 340 1830 alit
362 1798 493 1840 partim
515 1800 603 1837 aut),
631 1803 726 1830 amat
752 1797 826 1830 cod.
850 1798 940 1837 Pal„
961 1797 1057 1829 habet
1081 1797 1390 1839 Regiomontanus.
1440 1807 1502 1838 pro
1524 1797 1664 1829 aethera

123 1849 161 1881 F.
196 1849 320 1882 Iunius
350 1849 483 1882 aethere
512 1849 700 1881 substituit
735 1849 940 1891 dignissima
974 1860 1063 1891 quae
1097 1848 1193 1890 Fayo
1230 1852 1266 1880 et
1304 1848 1477 1880 Becherto
1511 1848 1664 1890 placeret

123 1900 345 1933 coniectura:
380 1901 574 1933 uerendum
600 1904 677 1933 erat
707 1901 842 1933 scilicet
867 1912 911 1932 ne
938 1901 1108 1942 templum
1139 1900 1255 1931 medio
1281 1900 1375 1931 caelo
1401 1900 1600 1941 proximum
1627 1900 1663 1932 in

123 1955 219 1984 terra
249 1963 385 1994 aquaue
414 1953 569 1995 positum
600 1956 798 1994 putaretur.
848 1953 962 1984 minus
994 1953 1111 1993 inepte
1146 1951 1300 1993 Scaliger
1333 1951 1440 1989 atria,
1472 1951 1547 1993 ipse
1580 1951 1662 1983 olim

122 2004 234 2036 sedem
249 2003 390 2036 conieci.
439 2004 522 2036 noni
537 2004 662 2046 templi
681 2008 777 2036 astra
793 2004 954 2036 Phoebus
970 2004 1019 2036 ibi
1037 2014 1176 2045 praeses
1194 2003 1384 2035 collocatus
1402 2003 1495 2034 alere
1517 2002 1663 2045 fingitur

123 2055 309 2097 splendore
327 2066 412 2094 suo3
436 2056 487 2088 ita
505 2056 610 2095 enim,
629 2055 860 2098 splendorem,
880 2055 1024 2088 Seruius
1043 2055 1200 2087 aethram
1220 2055 1477 2096 interpretat-ur
1494 2054 1539 2086 ad
1552 2054 1657 2097 Verg.

123 2108 211 2140 Aen,
231 2116 277 2139 111
301 2108 364 2139 585
387 2118 437 2149 sq.
456 2118 515 2139 ‘nec
537 2107 671 2140 lucidus
693 2108 816 2139 aethra
836 2108 840 2148 Ι
860 2107 991 2139 siderea
1010 2107 1124 2148 polus,
1150 2117 1219 2148 qua.
1241 2117 1326 2138 uoce
1349 2106 1431 2137 solis
1454 2106 1572 2138 lumen
1595 2107 1661 2148 sig-

122 2158 282 2191 nificauit
306 2158 440 2190 Ennius
464 2169 542 2191 ann.
563 2168 629 2191 XVI
650 2158 745 2201 apud
769 2159 989 2191 Macrobium
1014 2160 1087 2191 Sat.
1108 2167 1147 2189 VI
1170 2160 1191 2189 4
1217 2158 1255 2190 19
1277 2158 1407 2189 interea
1423 2157 1496 2198 fax
1517 2157 1522 2198 Ι
1541 2157 1662 2190 occidit

122 2220 347 2251 oceanumque
372 2210 479 2242 rubra
507 2210 644 2242 tractim
673 2210 784 2242 obruit
815 2210 960 2249 aethra3
991 2210 1097 2242 solem
1129 2212 1248 2241 autem
1275 2209 1364 2241 alere
1390 2209 1475 2240 lacis
1502 2209 1630 2250 pabulo
1654 2209 1659 2252 Ι

123 2271 275 2294 conuenta
298 2266 417 2294 cuncta
446 2262 628 2304 Epicureis
655 2262 770 2293 uideri
797 2261 904 2293 refert
930 2262 1089 2293 Auienus
1114 2271 1161 2293 or.
1185 2271 1269 2292 mar.
1292 2261 1356 2292 655
1381 2271 1446 2301 sq.‚
1467 2260 1529 2302 qui
1555 2261 1657 2292 Arat.

125 2314 252 2346 1356-8
268 2313 354 2345 haec
370 2313 477 2346 habet
493 2313 697 2345 Manilianis
718 2324 787 2345 non
803 2313 999 2352 dissimilia,
1023 2323 1111 2344 nunc
1129 2312 1246 2353 iqneus
1261 2312 1353 2343 istud
1375 2311 1379 2352 Ι
1399 2316 1531 2343 astrum
1549 2312 1660 2344 adolet

114 2364 281 2407 flammis,
315 2364 380 2397 atii
408 2375 498 2397 nunc
528 2376 638 2397 aurea
673 2365 778 2396 Titan
798 2365 803 2404 Ι
822 2365 955 2396 lumina
984 2365 1143 2396 miscetur
1245 2372 1314 2402 quo
1344 2372 1435 2401 quae
1450 2363 1484 2402 κ’,
1523 2372 1661 2401 quoque

122 2416 216 2455 libri,
240 2420 281 2448 ut
301 2416 366 2448 924
384 2427 532 2457 perque3
556 2427 621 2457 quo
641 2427 769 2457 quoque
792 2416 866 2448 cod.
884 2416 1022 2447 Monac.
1037 2419 1074 2447 et
1094 2415 1247 2447 editores
1267 2414 1423 2456 plerique
1510 2413 1573 2444 908
1597 2415 1661 2446 909

123 2470 325 2506 concipiunt
341 2492 348 2500 .
370 2492 378 2500 .
399 2492 406 2499 .
426 2471 619 2500 decernunt
634 2468 667 2507 ἥ,
701 2471 917 2500 decernunt.
939 2492 946 2499 .
967 2492 974 2499 .
996 2469 1209 2505 concupiunt
1244 2468 1458 2504 (concupiuit
1491 2468 1526 2504 L)
1562 2469 1656 2499 ΘΒΜ.

123 2521 325 2557 concipiunt
345 2518 420 2551 cod.
435 2519 545 2551 Flmu:
569 2519 733 2551 similiter
748 2519 863 2551 locum
879 2519 972 2550 inter
988 2529 1024 2550 se
1045 2521 1230 2550 mutarunt
1245 2517 1369 2549 iterum
1384 2528 1416 2549 -se
1432 2520 1468 2549 et
1484 2521 1660 2549 reuocatus

124 2579 165 2603 1v
188 2571 251 2603 619
277 2574 314 2602 et
341 2571 415 2603 620.
465 2570 529 2602 sub
555 2581 623 2612 quo
650 2570 730 2603 Sole
758 2570 865 2612 (quod
893 2574 1012 2602 utrum
1035 2569 1157 2610 ubique
1183 2580 1229 2601 an
1254 2569 1404 2600 interdiu
1427 2568 1601 2610 significet
1623 2569 1659 2600 in

124 2621 238 2654 medio
263 2622 436 2664 relinquo)
467 2632 556 2664 quae
587 2622 677 2654 uitia
705 2632 880 2664 quamque
909 2622 1087 2654 fortunam
1118 2631 1262 2663 corpora
1292 2624 1412 2652 nostra
1443 2620 1657 2662 concipiunt,

123 2684 164 2706 ea
194 2673 284 2705 uitia
314 2684 458 2715 eamque
487 2673 666 2705 fortunam
697 2684 739 2705 ex
771 2673 927 2705 eiusdem
957 2673 1046 2706 Solis
1081 2672 1215 2704 uiribus
1249 2672 1444 2704 decernunt
1476 2672 1559 2703 noni
1592 2671 1659 2703 loci

122 2729 240 2757 astra:
268 2724 350 2756 uide
377 2734 407 2756 11
435 2726 498 2759 748
521 2725 616 2756 dabit
639 2725 769 2765 effectus
792 2725 829 2756 in
851 2724 984 2757 uiribus
1009 2724 1090 2756 eius.
1139 2734 1284 2765 corpora
1308 2730 1428 2755 nostra
1452 2723 1540 2754 nihil
1565 2723 1657 2764 quie-

122 2787 226 2818 quam
246 2776 451 2815 decernunt,
475 2776 564 2808 uitia
585 2779 702 2808 autem
724 2776 769 2808 ad
790 2776 983 2817 concipiunt
1006 2775 1227 2807 referendum
1248 2785 1322 2806 esse
1346 2775 1451 2813 (sicut
1474 2775 1659 2806 coniuncti

122 2827 298 2860 habentur
314 2828 384 2860 Cic.
398 2827 486 2870 legg.
502 2836 547 2859 111
563 2828 616 2866 32,
637 2827 714 2860 Seu.
731 2839 802 2870 n.q.
818 2836 863 2859 111
882 2829 920 2860 15
936 2829 958 2859 4
973 2832 1010 2859 et
1025 2828 1068 2859 ‘20
1086 2828 1114 2865 1,
1133 2837 1185 2868 ep.
1202 2827 1242 2861 78
1259 2827 1278 2858 8
1295 2830 1330 2857 et
1347 2827 1388 2858 83
1404 2827 1458 2864 26)
1481 2825 1659 2857 intellexit

123 2878 316 2918 Bentleius,
352 2881 442 2921 ‘quo
471 2879 611 2921 agnito'
641 2879 757 2921 inquit
791 2879 928 2911 ‘nullus
958 2878 1003 2919 τῷ
1034 2879 1216 2911 decernunt
1250 2878 1394 2909 relictus
1428 2881 1504 2909 erat
1538 2876 1658 2909 locus.’
